3094 5100
787 631 927 690 ..70-

327 799 386 870 est,
410 787 605 878 quaestiones
629 787 834 875 gravissimas
856 787 1016 856 moverit:
1038 810 1177 878 quarum
1202 791 1304 858 altera
1324 790 1393 876 jam

327 908 367 974 ab
384 905 523 994 ingeniis
534 904 729 994 quibusdam
742 904 802 972 viae
815 905 898 973 tritae
914 904 1156 995 impatientibus
1174 906 1294 993 agitata
1311 919 1391 990 erat,

327 1026 427 1092 altera
450 1023 523 1091 nori
549 1021 671 1110 aliquid
699 1021 897 1112 majorisque
923 1023 1077 1090 momenti
1103 1023 1280 1112 praebebat.
1308 1025 1393 1092 h'um

327 1141 414 1209 enim
435 1139 604 1229 oportebat
629 1140 795 1230 physicam
820 1161 858 1206 ex
881 1160 983 1223 more,
1009 1161 1049 1207 ne
1072 1139 1111 1208 de
1136 1140 1240 1227 logica
1262 1141 1390 1228 loquar,

327 1259 394 1326 sere
415 1277 573 1326 consensu
593 1256 739 1324 omnium
760 1256 867 1323 adhuc
885 1255 993 1324 latinae
1016 1256 1134 1343 lingua
1155 1256 1296 1339 addicta,
1319 1278 1392 1346 per-

328 1386 425 1464 petuo
448 1374 547 1442 latine
572 1373 706 1463 praecipi
722 1372 758 1440 ¹?
782 1373 894 1440 Nonne
914 1393 989 1440 vero
1014 1372 1148 1441 decebat
1166 1373 1239 1441 novi
1265 1373 1392 1461 generis

326 1491 516 1580 discipulos,
539 1502 576 1557 ut
598 1488 740 1558 scientiis
762 1489 982 1574 erudirentur,
1006 1489 1090 1557 iuter
1109 1490 1317 1558 scholasticos
1340 1490 1393 1557 ad-

328 1608 447 1678 scisci‘l
463 1606 496 1675 Si
515 1606 600 1674 enim
618 1605 784 1696 physicam
801 1605 834 1671 in
851 1604 991 1693 Collegio
1006 1605 1119 1694 gallice
1136 1606 1245 1674 doceri
1262 1607 1390 1690 licebat,

327 1725 403 1792 inde
423 1723 606 1792 necessario
626 1722 696 1791 fieri
714 1732 841 1811 poterat
857 1732 894 1788 ut
912 1721 1053 1811 primum
1075 1743 1280 1812 quacumque
1300 1735 1392 1792 aetate

328 1841 505 1924 auditores,
520 1839 638 1908 deinde
651 1839 762 1924 iidem,
781 1841 826 1908 rel
842 1861 906 1908 non
923 1840 1039 1912 studiis
1058 1840 1245 1908 liberalibus
1260 1840 1390 1926 imbuti,

327 1959 480 2026 benevole
500 1957 533 2024 in
553 1957 639 2025 illam
661 1958 796 2025 classem
818 1957 1077 2026 admitterentur.
1094 1983 1096 1990 ’

373 2073 499 2142 Scilicet
512 2072 671 2140 Rnruuun
688 2094 761 2162 quan
778 2094 816 2139 er
835 2074 956 2142 conatis
973 2084 1187 2142 consecutura
1204 2085 1311 2143 essent
1326 2096 1391 2143 non

328 2193 396 2281 ipse
413 2189 584 2280 praevidit:
604 2210 679 2256 nam
696 2190 736 2257 de
752 2189 922 2279 principiis
938 2191 1116 2280 quaestione
1132 2211 1197 2258 non
1212 2192 1389 2281 proposita,

328 2307 552 2375 tantummodo
576 2307 703 2392 singula
723 2329 862 2398 quaeque
886 2307 922 2375 ei
948 2307 1063 2376 ordine
1085 2308 1161 2396 egit,
1190 2320 1288 2399 prout
1311 2309 1392 2376 ratio

327 2402 398 2514 ipsa
412 2424 607 2514 postulabat.
623 2424 728 2505 Quum
745 2425 845 2493 latino
865 2445 1014 2492 sermone
1031 2423 1171 2514 physicae
1188 2425 1392 2514 disciplinam

326 2541 558 2631 praecipueque
589 2541 807 2631 experimenta
840 2541 933 2610 facile
963 2541 1134 2630 explanare
1164 2541 1324 2636 nequiret,
1356 2555 1393 2610 ut

327 2657 427 2725 thesis
447 2658 560 2744 gallice
580 2678 598 2724 a
617 2635 784 2746 discipulis
803 2669 1067 2746 propugnaretur
1085 2658 1226 2748 primum
1248 2659 1390 2726 tentarit.

327 2774 430 2854 Quam
458 2785 566 2842 autem
595 2774 785 2864 Principalis
811 2774 950 2862 probare
978 2774 1104 2860 abnuit,
1135 2799 1148 2839 u
1179 2775 1256 2864 quia
1279 2776 1392 2863 gallice

328 2891 525 2960 scriberetur
544 2903 576 2959 et
593 2903 657 2960 tres
676 2892 797 2980 primas
815 2891 1027 2980 philosophiae
1045 2903 1165 2981 partes,
1185 2892 1219 2958 id
1235 2903 1295 2976 est,
1315 2892 1393 2981 logi-

328 3029 411 3092 cam,
438 3007 577 3075 ethicam
603 3008 921 3098 metaphysicamque
947 3028 1012 3075 non
1039 3007 1390 3097 complecteretur2.».

328 3124 396 3190 lloc
422 3143 488 3190 uno
509 3122 723 3212 judicandum
749 3135 798 3191 est
820 3145 918 3213 quam
943 3135 1030 3192 certa
1057 3145 1165 3191 rerum
1194 3124 1392 3193 naturalium

327 3238 467 3326 cognitio
492 3238 690 3306 scholasticae
718 3239 779 3306 arti
807 3239 945 3307 obnoxia
969 3251 1062 3315 esset.
1089 3239 1261 3309 Curatores
1284 3253 1393 3310 tamen

326 3367 509 3423 statuerunt
536 3366 589 3440 ut,
618 3340 751 3446 propter
779 3356 875 3423 ferias
902 3355 1081 3446 proximas,
1111 3357 1278 3448 discipuli,
1304 3358 1393 3425 hanc

327 3473 427 3540 solam
457 3472 573 3542 thesim
598 3473 756 3558 meditati,
785 3473 925 3562 qualiter
952 3473 1070 3563 scripta
1094 3485 1162 3541 erat
1189 3475 1294 3542 taliter
1317 3496 1392 3565 pro-

325 3602 523 3679 pugnarent,
542 3590 657 3660 sedita
674 3602 740 3672 ut«
756 3590 837 3657 nihil
853 3612 889 3658 ex
907 3591 967 3658 hoc
984 3590 1196 3679 inposterum
1215 3612 1393 3681 conseque·

327 3706 443 3772 retur3
463 3731 492 3773 r.
525 3706 648 3775 Bellum
680 3707 742 3775 hoc
770 3706 866 3774 modo
900 3718 1045 3774 coortum
1076 3707 1115 3774 ad
1148 3707 1258 3775 decem
1291 3729 1393 3778 annos

328 3833 465 3890 tractum
486 3831 546 3889 est.

364 4030 389 4081 l.
406 4026 439 4081 V.
456 4025 582 4096 Helland,
600 4028 708 4082 Rceuet'l
722 4028 767 4082 dea
783 4028 910 4094 (idumea,
924 4046 950 4101 p.
969 4033 1030 4085 143.

363 4127 389 4179 2.
407 4123 447 4180 Cf.
465 4123 557 4192 Carre',
574 4126 802 4198 l'b'useigncmeut
816 4128 1004 4183 sccoudaircc'r
1020 4129 1124 4200 lroyes,
1142 4145 1168 4200 p.
1185 4133 1247 4184 226.
1299 4173 1303 4180 ,

364 4225 389 4276 3.
407 4222 486 4277 drclr.
502 4224 567 4295 Dap.
584 4223 618 4282 D.
636 4226 661 4280 3.
677 4222 696 4281 i.
714 4226 757 4294 95,
775 4227 789 4276 7
803 4223 891 4295 juillet
907 4228 985 4281 1775.
