3094 5100
632 615 772 671 -79..

216 771 431 851 Quamobrem
464 770 635 839 Curatores
666 770 817 839 sanciunt
844 779 881 838 ut
912 768 1057 861 physicae
1084 767 1242 858 magister·

172 888 439 956 mathematicam
461 887 668 976 physicaeque
696 886 915 976 experimenta
941 887 1089 977 publiea,
1118 886 1236 975 quihus

172 1004 393 1094 praelectiones
412 1025 551 1094 quaeque
568 1003 784 1072 terminandae
798 1003 873 1087 sint,
894 1003 1007 1091 gallice
1026 1003 1235 1092 praecipiendi

172 1131 361 1210 potestatem
384 1121 513 1204 haheat,
537 1121 636 1188 latine
655 1141 730 1188 vero
751 1119 916 1209 physicam
941 1119 973 1185 in
999 1119 1190 1187 universum¹
1207 1129 1237 1186 et

172 1236 206 1304 in
227 1237 353 1325 singula
373 1237 488 1310 docere
509 1248 664 1325 cogatur3
686 1247 793 1305 vetant
813 1247 922 1304 autem
943 1257 983 1304 ne
999 1235 1133 1324 juvenes
1151 1235 1239 1302 litte*

174 1375 283 1422 rarum
305 1354 412 1422 adhuc
432 1354 542 1437 rodco,
564 1354 683 1443 quihus
703 1353 885 1422 auditiones
904 1353 1139 1421 mathematicae
1157 1352 1237 1442 phy-

174 1471 329 1560 sicaeque,
361 1473 555 1540 assentiente
586 1470 776 1560 Principali,
809 1470 900 1538 obire
927 1469 982 1558 jus
1015 1469 1129 1554 luerit,
1162 1492 1237 1538 cum

173 1588 371 1656 scholasticis
395 1588 535 1656 thesium
556 1587 888 1676 exercitationumque
911 1587 1115 1677 publicarum
1138 1587 1237 1676 parti-

174 1705 260 1793 cipes
276 1704 366 1772 hant.
386 1705 471 1792 Ergo
484 1703 601 1793 jubent
616 1703 747 1794 physica
764 1725 859 1772 mane
874 1703 974 1772 latino
991 1724 1151 1788 sermone,
1166 1713 1239 1794 post
1332 1685 1334 1689 ’

173 1821 341 1890 meridiem
359 1821 473 1910 gallico
489 1821 644 1890 doceatur
659 1821 681 1888 ¹.
1189 1833 1190 1836 ’

217 1937 408 2027 Principalis
437 1959 501 2006 non
532 1937 694 2005 immerito
723 1937 916 2026 prohibebat
946 1936 1025 2027 quin
1052 1949 1173 2007 temere
1204 1937 1236 2004 in

174 2053 350 2142 Collegium
379 2054 629 2141 ingrederentur
654 2053 835 2121 scholastici
862 2075 1069 2142 quacumque
1091 2065 1184 2122 aetate
1207 2067 1237 2121 et

174 2169 375 2254 condicione,
391 2169 446 2259 qui
462 2171 544 2238 forte
557 2169 736 2258 disciplinae
753 2170 963 2258 moribusque
980 2171 1140 2255 obessent,
1151 2173 1238 2239 calli-

173 2286 278 2376 deque
298 2307 376 2354 usus
393 2297 440 2354 est
457 2285 677 2375 imprudentia
693 2286 817 2354 abbatis
836 2287 991 2354 Rnruanu
1012 2299 1046 2355 ut
1066 2287 1237 2358 Curatores

173 2402 212 2472 ad
230 2401 401 2470 consilium
416 2403 557 2470 salutare
574 2423 593 2468 a
612 2402 815 2470 Parlameuto
830 2401 897 2491 jam
919 2415 1086 2493 acceptum
1108 2414 1236 2472 mutan-

172 2517 251 2585 dum
270 2519 337 2585 fere
359 2517 474 2586 inritos
493 2517 648 2605 adigeret.
671 2517 749 2585 lnde
767 2519 873 2586 evenit
891 2529 927 2585 ut
943 2518 1072 2588 ollensae
1091 2520 1237 2588 simulta-

172 2644 284 2722 tesque
294 2633 425 2724 privatae
433 2634 685 2702 adolescentium
699 2633 876 2702 commodis
888 2634 1006 2702 misere
1015 2635 1236 2724 praestiterint.

172 2749 364 2839 Quanquam
381 2749 466 2818 enim
484 2751 617 2818 classem
633 2750 772 2840 physicae
789 2770 854 2817 non
870 2750 904 2816 in
920 2749 1118 2819 auditionem
1135 2752 1239 2842 puhli-

173 2887 244 2932 cam
263 2865 546 2955 ahireoporteret,
570 2865 747 2956 discipulos
767 2887 877 2949 novoS,
900 2867 955 2955 qui
977 2867 1005 2934 ei
1026 2867 1162 2957 periculi
1180 2869 1238 2936 ali-

150 3011 153 3016 *
173 2981 251 3070 quid
271 2981 434 3066 allerrent,
453 2982 634 3068 excludere,
653 2982 841 3050 instituendi
864 2982 971 3072 operis
991 2982 1131 3052 indicem
1155 3007 1238 3075 prae·
1293 3059 1295 3064 ¹

173 3098 314 3167 scrihere
341 3120 520 3188 cavereque
550 3119 591 3166 ne
618 3099 702 3166 hane
731 3099 834 3186 legem
862 3099 1043 3188 praeteriret
1071 3101 1236 3188 magister,

171 3215 264 3298 facile
289 3226 369 3300 erat,
392 3237 452 3284 nec
472 3237 602 3284 necesse
621 3215 738 3284 docere
758 3237 871 3283 rursus
891 3215 1001 3300 latine,
1025 3216 1068 3284 ita
1094 3229 1129 3284 nt
1154 3230 1239 3286 artes

172 3331 319 3400 liberales
340 3343 477 3416 cunctae,
500 3343 532 3400 et
548 3333 581 3399 in
599 3331 714 3422 primis
735 3333 879 3422 physica,
901 3353 965 3400 non
983 3333 1069 3400 ultra
1087 3334 1238 3423 progredi

171 3460 314 3538 possent.
334 3449 549 3518 Ambiancnsi
564 3449 664 3544 igitur
684 3451 717 3516 in
739 3449 877 3536 Collegio
898 3450 1088 3539 pravissima
1108 3473 1239 3520 consue·

172 3565 295 3634 tudinis
305 3567 414 3654 regula
424 3567 553 3635 vicerat.
569 3549 717 3635 Attamen
728 3567 883 3634 Rurnnno
897 3567 1014 3635 iterum
1024 3569 1122 3637 semel
1136 3569 1240 3638 ellecit

171 3693 208 3750 ut
221 3682 325 3751 theses
338 3683 585 3767 mathematicae,
597 3684 716 3772 quihus
728 3683 880 3772 adjuncta
894 3696 985 3752 erant
995 3686 1134 3776 physicae
1148 3708 1240 3776 eupe-

172 3796 323 3882 rimenta,
340 3797 453 3885 gallice
464 3810 770 3888 propugnareutur;
789 3798 910 3867 frustra
924 3810 1032 3867 autem
1045 3800 1150 3868 theses
1162 3801 1240 3890 phy·

172 3915 247 3982 sicae
275 3901 388 3983 eodem
413 3935 562 3984 sermone
593 3915 730 4004 proponi
758 3916 913 3985 voluerat.
947 3916 1065 3984 Proelio
1099 3917 1240 4007 deniqne

182 4156 183 4162 ,
211 4107 237 4160 1.
253 4102 334 4158 Arch.
351 4105 415 4176 de.
428 4103 461 4158 D.
475 4106 501 4159 3.
517 4103 535 4159 1.
549 4107 610 4173 tot,
623 4107 684 4171 ltl,
698 4106 714 4158 1
727 4067 800 4159 mars
815 4104 943 4176 (append.
960 4104 1020 4177 Xl),
1032 4102 1066 4160 30
1081 4108 1146 4160 aoht
1161 4105 1239 4163 1185.

173 4192 216 4250 Cl.
233 4193 385 4248 Almuuuch
399 4193 431 4249 de
444 4193 581 4258 Picordie,
599 4195 677 4263 1786,
694 4209 721 4265 p.
738 4197 781 4256 23,
863 4234 867 4240 .
