3094 5100
622 618 765 676 „59-

160 794 198 854 ae
213 772 304 862 regni
320 771 467 841 instituta
485 793 539 842 eos
554 772 730 841 docerent¹
752 797 780 838 a.
799 771 904 840 Facile
919 783 1028 840 autem
1044 772 1113 838 baec
1129 770 1227 839 verba

159 909 212 958 res
231 889 302 980 ipsa
324 909 390 958 non
413 901 523 956 secuta
542 900 602 973 est,
626 888 890 958 dissentientibus
910 888 1030 968 scilicet
1052 887 1228 976 Principali-

159 1005 474 1095 prolessoribusque.
501 1005 672 1074 Curatores
697 1005 783 1074 enim
810 1005 927 1074 deinde
950 1006 1163 1073 decreverunt
1190 1015 1228 1072 ut
1268 1059 1273 1070 .

163 1147 176 1188 u
207 1123 282 1191 libri
310 1135 452 1194 extremo
479 1145 565 1192 anno
591 1123 730 1192 scholari
760 1123 975 1192 distribuendi
1004 1144 1024 1189 a
1053 1120 1225 1210 Principali

160 1259 234 1308 cum
254 1238 447 1308 Curatorum
464 1261 597 1312 assensu
615 1240 823 1327 eligerentur,
834 1261 872 1307 ao
884 1238 984 1306 cuivis
1001 1237 1106 1323 classi,
1125 1236 1226 1306 cuivis

159 1355 300 1445 praemio,
318 1355 580 1452 assignarentur,
611 1354 964 1446 nnlla'prolessoribus
994 1354 1123 1422 licentia
1151 1354 1226 1420 data

158 1472 230 1552 illos
247 1473 388 1562 propriis
405 1473 573 1563 discipulis
587 1471 752 1562 eligendi²
769 1500 799 1539 o.
821 1473 858 1541 Ut
875 1493 950 1540 vero
966 1471 1134 1539 commode
1150 1491 1227 1558 pro.

159 1591 263 1659 visum
281 1602 350 1660 erat
366 1613 405 1659 ne
419 1591 503 1681 quid'
511 1591 595 1660 inter
609 1591 823 1680 Principalem
841 1589 1104 1680 professoresque
1121 1600 1225 1657 certa-

158 1727 233 1774 men
254 1706 407 1790 oriretur,
426 1706 470 1774 ita
488 1705 521 1773 in
538 1706 709 1794 magistros
730 1705 872 1795 suspicio
891 1704 1041 1795 quaedam
1058 1716 1224 1773 contume-

160 1823 239 1891 liosa
248 1822 622 1902 commovebaturuuod
636 1822 771 1913 quidem
780 1820 1003 1890 diutissimein
1013 1820 1224 1890 Universitatc

159 1946 351 2026 usurpatum
367 1948 427 2019 est,
442 1952 508 2005 non
520 1936 589 2004 sine
603 1956 720 2024 magno
736 1935 1002 2006 scholasticorum
1017 1934 1223 2018 detrimento,

159 2051 215 2140 qui
234 2051 326 2120 libris
345 2051 467 2138 nullius
487 2052 582 2142 pretii
609 2052 726 2120 autad
750 2062 876 2120 aetatem
903 2051 1135 2140 ingeniumque
1160 2071 1225 2117 non
1248 2056 1250 2060 ’

159 2168 412 2236 accommodatis
436 2168 555 2258 saepius
582 2168 800 2237 donabantur.
826 2168 938 2257 ltaque
962 2167 1063 2236 satius
1095 2177 1159 2250 est,
1174 2175 1225 2235 ‘ut

158 2305 246 2354 nunc
262 2286 353 2370 solet,
370 2306 389 2352 a
408 2285 645 2374 professoribus
663 2285 886 2372 intellegenter
901 2285 1001 2352 libros
1016 2284 1103 2372 eligi,
1122 2283 1224 2372 inspi-

160 2401 320 2485 cientibus
333 2401 655 2491 approbantibusque
668 2401 707 2470 iis
720 2423 819 2491 penes
832 2423 913 2490 quos
926 2412 974 2470 est
985 2407 1150 2490 potestas'

204 2518 335 2588 Illorum
355 2518 454 2602 enim,
474 2517 530 2607 qui
552 2518 584 2585 in
610 2518 729 2586 invidia
753 2530 859 2586 essent
878 2516 1224 2608 propter'inleriornm

158 2647 301 2725 peccata,
317 2635 460 2704 officium
479 2647 526 2704 est
538 2634 578 2702 ab
592 2656 704 2711 eorum
724 2635 812 2703 salsis
828 2635 1037 2725 opinionibus
1054 2635 1225 2725 verbisque

157 2753 341 2821 immodicis
373 2731 567 2841 praecavere,
596 2773 637 2820 ne
665 2775 729 2842 que
759 2753 847 2820 labes
876 2752 909 2819 in
938 2752 1024 2842 ipsos
1056 2763 1225 2842 totumque

156 2891 276 2960 corpus
305 2868 526 2937 Universitatis
555 2868 725 2937 redundet.
752 2870 822 2936 Non
850 2868 949 2956 igitur
975 2868 1093 2938 mirum
1113 2879 1172 2936 *est
1198 2869 1224 2937 si

154 2986 280 3076 judicio
297 2985 503 3076 superiorum
528 2985 690 3054 orationes
710 2986 742 3053 in
764 2985 974 3075 praemiorum
997 2985 1224 3082 distributione

158 3085 326 3187 habendae,
347 3113 520 3192 antequam
546 3081 810 3191 pronuntiantur,
840 3079 936 3171 bodie
961 3077 1107 3171 obnoxiae
1134 3113 1221 3170 sunt.

158 3219 273 3298 Octavo
299 3240 430 3308 quoque
453 3219 579 3287 decimo
606 3219 725 3286 saeculo
753 3218 925 3302 orationes,
951 3218 1048 3286 latine
1074 3217 1225 3305 gallioeve

158 3333 298 3421 scriptae,
324 3333 421 3400 variis
446 3333 522 3406 anni
551 3333 763 3424 temporibus,
779 3317 822 3400 vin
849 3333 988 3420 Collegio
1016 3332 1225 3400 Ambianensi

158 3471 265 3518 coram
285 3450 445 3543 Episcopo
462 3451 681 3541 capituloque,
700 3452 852 3541 praelecto
872 3447 1046 3539 provinciae
1064 3450 1111 3517 vel
1130 3449 1224 3537 Regis

157 3578 367 3655 procuratore
394 3567 702 3658 magistratibusque
729 3567 980 3657 municipalibus
1010 3565 1098 3635 haud
1126 3569 1224 3635 semel

193 3759 219 3809 1.
240 3755 320 3810 Arcb.
337 3755 401 3826 Dep.
420 3754 453 3810 D.
472 3757 497 3808 3.
514 3754 533 3810 l.
551 3757 576 3822 3,
592 3758 627 3809 22
642 3771 714 3810 mars
731 3758 809 3810 1763.
829 3753 989 3827 Reglement
1008 3771 1077 3826 pour
1095 3753 1121 3808 le
1139 3753 1223 3808 disci-

122 3867 123 3870 *
156 3842 230 3916 pline
244 3843 280 3899 du
297 3842 415 3916 College,
432 3849 483 3900 nrt.
501 3844 556 3900 IV:
576 3866 587 3895 c
605 3843 626 3898 ll
644 3861 679 3899 ne
698 3861 798 3916 pourre
817 3848 874 3899 etre
889 3844 980 3898 donne
999 3861 1068 3916 pour
1087 3843 1149 3917 prix
1168 3861 1223 3918 eux

156 3932 268 3992 erotiers
290 3950 343 4005 que
365 3933 413 3988 des
436 3933 517 3988 livres
540 3934 654 3989 ddment
675 3933 820 4004 aulenses
841 3933 967 4006 capables
988 3934 1022 3988 de
1045 3932 1103 3989 leur
1126 3934 1224 3989 former

156 4020 260 4094 l'esprit
274 4028 301 4077 et
312 4021 351 4078 les
367 4038 479 4092 moeurS,
493 4028 520 4078 et
535 4022 568 4078 de
580 4022 638 4079 leur
651 4024 802 4095 epprendre
816 4023 855 4078 les
869 4022 1006 4096 principes
1021 4023 1055 4078 de
1068 4022 1093 4078 la
1105 4021 1223 4096 religion

156 4117 184 4166 et
198 4110 236 4166 les
252 4110 384 4166 maximos
399 4111 436 4166 du
452 4128 592 4184 royaume.
609 4135 623 4163 »

193 4203 219 4258 2.
236 4201 304 4258 lbtd.
321 4200 339 4256 1,
357 4201 401 4271 53,
417 4205 448 4256 at
466 4200 533 4256 avril
549 4205 627 4258 1769.
