<?xml version="1.0" encoding="UTF-8"?>
<!DOCTYPE html PUBLIC "-//W3C//DTD XHTML 1.0 Transitional//EN"
    "http://www.w3.org/TR/xhtml1/DTD/xhtml1-transitional.dtd">
<html xmlns="http://www.w3.org/1999/xhtml" xml:lang="en" lang="en">
 <head>
  <title>
</title>
<meta http-equiv="Content-Type" content="text/html;charset=utf-8" />
  <meta name='ocr-system' content='tesseract 3.04.00' />
  <meta name='ocr-capabilities' content='ocr_page ocr_carea ocr_par ocr_line ocrx_word'/>
</head>
<body>
  <div class='ocr_page' id='page_1' title='image "./decollegioambia00lenegoog_0027.png"; bbox 0 0 3096 5088; ppageno 0'>
   <div class='ocr_carea' id='block_1_1' title="bbox 644 616 790 673">
    <p class='ocr_par' dir='ltr' id='par_1_1' title="bbox 644 616 790 673">
     <span class='ocr_line' id='line_1_1' title="bbox 644 616 790 673; baseline -0.027 -13"><span class='ocrx_word' id='word_1_1' title='bbox 644 616 790 673; x_wconf 48' lang='lat'>47„</span> 
     </span>
    </p>
   </div>
   <div class='ocr_carea' id='block_1_2' title="bbox 182 769 1296 2492">
    <p class='ocr_par' dir='ltr' id='par_1_2' title="bbox 182 769 1296 1674">
     <span class='ocr_line' id='line_1_2' title="bbox 227 769 1249 860; baseline -0.005 -18"><span class='ocrx_word' id='word_1_2' title='bbox 227 773 312 842; x_wconf 87' lang='lat' dir='ltr'>Nihil</span> <span class='ocrx_word' id='word_1_3' title='bbox 332 771 495 842; x_wconf 82' lang='lat' dir='ltr'>outem&#39;de</span> <span class='ocrx_word' id='word_1_4' title='bbox 509 769 653 860; x_wconf 90' lang='lat' dir='ltr'>imperio</span> <span class='ocrx_word' id='word_1_5' title='bbox 668 781 790 838; x_wconf 86' lang='lat' dir='ltr'>certare</span> <span class='ocrx_word' id='word_1_6' title='bbox 806 772 1121 860; x_wconf 86' lang='lat' dir='ltr'>utramquepartem</span> <span class='ocrx_word' id='word_1_7' title='bbox 1140 769 1249 838; x_wconf 85' lang='lat' dir='ltr'>Parla-</span> 
     </span>
     <span class='ocr_line' id='line_1_3' title="bbox 182 886 1247 977; baseline -0.006 -19"><span class='ocrx_word' id='word_1_8' title='bbox 182 891 282 959; x_wconf 91' lang='lat' dir='ltr'>menti</span> <span class='ocrx_word' id='word_1_9' title='bbox 302 889 472 972; x_wconf 83' lang='lat' dir='ltr'>referebat,</span> <span class='ocrx_word' id='word_1_10' title='bbox 496 887 582 977; x_wconf 93' lang='lat' dir='ltr'>quod</span> <span class='ocrx_word' id='word_1_11' title='bbox 605 886 751 955; x_wconf 88' lang='lat' dir='ltr'>custodia</span> <span class='ocrx_word' id='word_1_12' title='bbox 773 909 843 971; x_wconf 86' lang='lat' dir='ltr'>sua,</span> <span class='ocrx_word' id='word_1_13' title='bbox 869 910 965 976; x_wconf 91' lang='lat' dir='ltr'>quam</span> <span class='ocrx_word' id='word_1_14' title='bbox 987 887 1096 955; x_wconf 87' lang='lat' dir='ltr'>civitas</span> <span class='ocrx_word' id='word_1_15' title='bbox 1125 886 1247 976; x_wconf 87' lang='lat' dir='ltr'>capitu-</span> 
     </span>
     <span class='ocr_line' id='line_1_4' title="bbox 182 1003 1248 1096; baseline -0.001 -21"><span class='ocrx_word' id='word_1_16' title='bbox 182 1009 316 1096; x_wconf 84' lang='lat' dir='ltr'>lumque</span> <span class='ocrx_word' id='word_1_17' title='bbox 339 1006 461 1096; x_wconf 83' lang='lat' dir='ltr'>pariter</span> <span class='ocrx_word' id='word_1_18' title='bbox 484 1005 692 1094; x_wconf 71' lang='lat' dir='ltr'>respuebant,</span> <span class='ocrx_word' id='word_1_19' title='bbox 721 1003 898 1091; x_wconf 79' lang='lat' dir='ltr'>Collegium</span> <span class='ocrx_word' id='word_1_20' title='bbox 924 1005 1138 1073; x_wconf 80' lang='lat' dir='ltr'>ambianense</span> <span class='ocrx_word' id='word_1_21' title='bbox 1164 1007 1248 1075; x_wconf 85' lang='lat' dir='ltr'>sicut</span> 
     </span>
     <span class='ocr_line' id='line_1_5' title="bbox 184 1120 1249 1211; baseline -0.003 -17"><span class='ocrx_word' id='word_1_22' title='bbox 184 1137 289 1194; x_wconf 88' lang='lat' dir='ltr'>cetera</span> <span class='ocrx_word' id='word_1_23' title='bbox 302 1124 467 1193; x_wconf 88' lang='lat' dir='ltr'>continere</span> <span class='ocrx_word' id='word_1_24' title='bbox 483 1132 650 1191; x_wconf 87' lang='lat' dir='ltr'>statuerat.</span> <span class='ocrx_word' id='word_1_25' title='bbox 667 1120 784 1189; x_wconf 89' lang='lat' dir='ltr'>Civitas</span> <span class='ocrx_word' id='word_1_26' title='bbox 798 1121 831 1187; x_wconf 95' lang='lat' dir='ltr'>in</span> <span class='ocrx_word' id='word_1_27' title='bbox 847 1121 973 1210; x_wconf 77' lang='lat' dir='ltr'>prirniS,</span> <span class='ocrx_word' id='word_1_28' title='bbox 991 1143 1063 1211; x_wconf 81' lang='lat' dir='ltr'>quae</span> <span class='ocrx_word' id='word_1_29' title='bbox 1077 1123 1110 1189; x_wconf 96' lang='lat' dir='ltr'>in</span> <span class='ocrx_word' id='word_1_30' title='bbox 1127 1144 1164 1191; x_wconf 90' lang='lat' dir='ltr'>eo</span> <span class='ocrx_word' id='word_1_31' title='bbox 1180 1136 1249 1191; x_wconf 89' lang='lat' dir='ltr'>erat</span> 
     </span>
     <span class='ocr_line' id='line_1_6' title="bbox 182 1221 1296 1326; baseline -0.002 -16"><span class='ocrx_word' id='word_1_32' title='bbox 182 1256 219 1310; x_wconf 88' lang='lat' dir='ltr'>ut</span> <span class='ocrx_word' id='word_1_33' title='bbox 233 1241 364 1310; x_wconf 85' lang='lat' dir='ltr'>lesuitis</span> <span class='ocrx_word' id='word_1_34' title='bbox 381 1240 569 1310; x_wconf 81' lang='lat' dir='ltr'>succederet</span> <span class='ocrx_word' id='word_1_35' title='bbox 585 1250 615 1306; x_wconf 88' lang='lat' dir='ltr'>et</span> <span class='ocrx_word' id='word_1_36' title='bbox 635 1239 766 1306; x_wconf 83' lang='lat' dir='ltr'>inbono</span> <span class='ocrx_word' id='word_1_37' title='bbox 780 1238 911 1326; x_wconf 88' lang='lat' dir='ltr'>Collegii</span> <span class='ocrx_word' id='word_1_38' title='bbox 924 1239 1165 1322; x_wconf 72' lang='lat' dir='ltr'>immitteretur,</span> <span class='ocrx_word' id='word_1_39' title='bbox 1181 1239 1247 1308; x_wconf 89' lang='lat' dir='ltr'>suis</span> <span class='ocrx_word' id='word_1_40' title='bbox 1293 1221 1296 1226; x_wconf 34' lang='lat'>⁵</span> 
     </span>
     <span class='ocr_line' id='line_1_7' title="bbox 182 1355 1246 1446; baseline -0.002 -20"><span class='ocrx_word' id='word_1_41' title='bbox 182 1359 308 1446; x_wconf 89' lang='lat' dir='ltr'>legibus</span> <span class='ocrx_word' id='word_1_42' title='bbox 321 1358 353 1425; x_wconf 94' lang='lat' dir='ltr'>id</span> <span class='ocrx_word' id='word_1_43' title='bbox 366 1359 539 1426; x_wconf 85' lang='lat' dir='ltr'>obnoxium</span> <span class='ocrx_word' id='word_1_44' title='bbox 554 1377 624 1424; x_wconf 85' lang='lat' dir='ltr'>esse</span> <span class='ocrx_word' id='word_1_45' title='bbox 638 1355 800 1445; x_wconf 88' lang='lat' dir='ltr'>cupiebat.</span> <span class='ocrx_word' id='word_1_46' title='bbox 814 1355 988 1444; x_wconf 85' lang='lat' dir='ltr'>Propterea</span> <span class='ocrx_word' id='word_1_47' title='bbox 1003 1378 1076 1423; x_wconf 92' lang='lat' dir='ltr'>cum</span> <span class='ocrx_word' id='word_1_48' title='bbox 1087 1356 1246 1445; x_wconf 81' lang='lat' dir='ltr'>Episcopo</span> 
     </span>
     <span class='ocr_line' id='line_1_8' title="bbox 183 1468 1245 1559; baseline -0.001 -20"><span class='ocrx_word' id='word_1_49' title='bbox 183 1472 278 1540; x_wconf 88' lang='lat' dir='ltr'>tacite</span> <span class='ocrx_word' id='word_1_50' title='bbox 305 1471 431 1541; x_wconf 85' lang='lat' dir='ltr'>collusit</span> <span class='ocrx_word' id='word_1_51' title='bbox 454 1481 490 1538; x_wconf 92' lang='lat' dir='ltr'>ut</span> <span class='ocrx_word' id='word_1_52' title='bbox 514 1490 537 1538; x_wconf 77' lang='lat' dir='ltr'>&#39;a</span> <span class='ocrx_word' id='word_1_53' title='bbox 564 1490 715 1538; x_wconf 86' lang='lat' dir='ltr'>consessu</span> <span class='ocrx_word' id='word_1_54' title='bbox 748 1469 955 1554; x_wconf 88' lang='lat' dir='ltr'>Curatorum,</span> <span class='ocrx_word' id='word_1_55' title='bbox 981 1470 1037 1559; x_wconf 88' lang='lat' dir='ltr'>qui</span> <span class='ocrx_word' id='word_1_56' title='bbox 1070 1468 1245 1559; x_wconf 84' lang='lat' dir='ltr'>Collegium</span> 
     </span>
     <span class='ocr_line' id='line_1_9' title="bbox 184 1586 1179 1674; baseline 0.001 -19"><span class='ocrx_word' id='word_1_57' title='bbox 184 1589 217 1655; x_wconf 97' lang='lat' dir='ltr'>in</span> <span class='ocrx_word' id='word_1_58' title='bbox 234 1588 355 1655; x_wconf 87' lang='lat' dir='ltr'>ditione</span> <span class='ocrx_word' id='word_1_59' title='bbox 376 1593 533 1670; x_wconf 85' lang='lat' dir='ltr'>tenerent,</span> <span class='ocrx_word' id='word_1_60' title='bbox 550 1586 698 1655; x_wconf 88' lang='lat' dir='ltr'>homines</span> <span class='ocrx_word' id='word_1_61' title='bbox 714 1586 902 1674; x_wconf 87' lang='lat' dir='ltr'>alienigenae</span> <span class='ocrx_word' id='word_1_62' title='bbox 919 1587 1179 1656; x_wconf 86' lang='lat' dir='ltr'>excluderentur.</span> 
     </span>
    </p>

    <p class='ocr_par' dir='ltr' id='par_1_3' title="bbox 183 1703 1250 2356">
     <span class='ocr_line' id='line_1_10' title="bbox 229 1703 1246 1794; baseline 0 -24"><span class='ocrx_word' id='word_1_63' title='bbox 229 1705 284 1771; x_wconf 89' lang='lat' dir='ltr'>llla</span> <span class='ocrx_word' id='word_1_64' title='bbox 310 1703 410 1794; x_wconf 89' lang='lat' dir='ltr'>igitur</span> <span class='ocrx_word' id='word_1_65' title='bbox 434 1703 620 1771; x_wconf 77' lang='lat' dir='ltr'>censuit&#39;ut</span> <span class='ocrx_word' id='word_1_66' title='bbox 644 1724 812 1772; x_wconf 86' lang='lat' dir='ltr'>consessus</span> <span class='ocrx_word' id='word_1_67' title='bbox 840 1725 877 1770; x_wconf 86' lang='lat' dir='ltr'>ex</span> <span class='ocrx_word' id='word_1_68' title='bbox 907 1703 1068 1794; x_wconf 83' lang='lat' dir='ltr'>Episcopo</span> <span class='ocrx_word' id='word_1_69' title='bbox 1096 1703 1246 1794; x_wconf 83' lang='lat' dir='ltr'>praeside,</span> 
     </span>
     <span class='ocr_line' id='line_1_11' title="bbox 183 1819 1248 1910; baseline -0.001 -22"><span class='ocrx_word' id='word_1_70' title='bbox 183 1821 309 1889; x_wconf 91' lang='lat' dir='ltr'>duobus</span> <span class='ocrx_word' id='word_1_71' title='bbox 322 1820 498 1904; x_wconf 89' lang='lat' dir='ltr'>canonicis,</span> <span class='ocrx_word' id='word_1_72' title='bbox 511 1819 643 1908; x_wconf 87' lang='lat' dir='ltr'>Majore,</span> <span class='ocrx_word' id='word_1_73' title='bbox 656 1820 789 1888; x_wconf 85' lang='lat' dir='ltr'>scabino</span> <span class='ocrx_word' id='word_1_74' title='bbox 800 1819 1049 1910; x_wconf 74' lang='lat' dir='ltr'>consiliarioque</span> <span class='ocrx_word' id='word_1_75' title='bbox 1061 1820 1248 1910; x_wconf 86' lang='lat' dir='ltr'>municipali</span> 
     </span>
     <span class='ocr_line' id='line_1_12' title="bbox 184 1936 1249 2026; baseline 0 -21"><span class='ocrx_word' id='word_1_76' title='bbox 184 1946 356 2022; x_wconf 86' lang='lat' dir='ltr'>constaret,</span> <span class='ocrx_word' id='word_1_77' title='bbox 376 1937 420 2004; x_wconf 89' lang='lat' dir='ltr'>ita</span> <span class='ocrx_word' id='word_1_78' title='bbox 439 1949 476 2004; x_wconf 92' lang='lat' dir='ltr'>ut</span> <span class='ocrx_word' id='word_1_79' title='bbox 495 1959 555 2004; x_wconf 92' lang='lat' dir='ltr'>nec</span> <span class='ocrx_word' id='word_1_80' title='bbox 575 1937 683 2004; x_wconf 91' lang='lat' dir='ltr'>clerici</span> <span class='ocrx_word' id='word_1_81' title='bbox 703 1958 763 2004; x_wconf 89' lang='lat' dir='ltr'>nec</span> <span class='ocrx_word' id='word_1_82' title='bbox 779 1936 875 2024; x_wconf 88' lang='lat' dir='ltr'>legati</span> <span class='ocrx_word' id='word_1_83' title='bbox 896 1937 1032 2006; x_wconf 81' lang='lat' dir='ltr'>civitatis</span> <span class='ocrx_word' id='word_1_84' title='bbox 1055 1938 1249 2026; x_wconf 81' lang='lat' dir='ltr'>usullragiis</span> 
     </span>
     <span class='ocr_line' id='line_1_13' title="bbox 184 2051 1250 2143; baseline 0 -23"><span class='ocrx_word' id='word_1_85' title='bbox 184 2053 323 2143; x_wconf 88' lang='lat' dir='ltr'>impares</span> <span class='ocrx_word' id='word_1_86' title='bbox 345 2063 495 2137; x_wconf 74' lang='lat' dir='ltr'>essenti),</span> <span class='ocrx_word' id='word_1_87' title='bbox 517 2051 722 2141; x_wconf 86' lang='lat' dir='ltr'>Bullivineque</span> <span class='ocrx_word' id='word_1_88' title='bbox 744 2052 1022 2121; x_wconf 88' lang='lat' dir='ltr'>administratores</span> <span class='ocrx_word' id='word_1_89' title='bbox 1044 2054 1084 2120; x_wconf 87' lang='lat' dir='ltr'>ab</span> <span class='ocrx_word' id='word_1_90' title='bbox 1110 2075 1147 2122; x_wconf 91' lang='lat' dir='ltr'>eo</span> <span class='ocrx_word' id='word_1_91' title='bbox 1172 2067 1250 2143; x_wconf 74' lang='lat' dir='ltr'>pro·&#39;</span> 
     </span>
     <span class='ocr_line' id='line_1_14' title="bbox 183 2168 1248 2258; baseline 0.001 -21"><span class='ocrx_word' id='word_1_92' title='bbox 183 2169 492 2258; x_wconf 80' lang='lat' dir='ltr'>biberentur,&#39;quia</span> <span class='ocrx_word' id='word_1_93' title='bbox 525 2169 547 2235; x_wconf 95' lang='lat' dir='ltr'>ii</span> <span class='ocrx_word' id='word_1_94' title='bbox 577 2177 747 2258; x_wconf 86' lang='lat' dir='ltr'>&#39;nunquam</span> <span class='ocrx_word' id='word_1_95' title='bbox 784 2169 886 2236; x_wconf 91' lang='lat' dir='ltr'>ullum</span> <span class='ocrx_word' id='word_1_96' title='bbox 917 2168 972 2258; x_wconf 86' lang='lat' dir='ltr'>jus</span> <span class='ocrx_word' id='word_1_97' title='bbox 1008 2170 1042 2236; x_wconf 97' lang='lat' dir='ltr'>in</span> <span class='ocrx_word' id='word_1_98' title='bbox 1071 2169 1248 2258; x_wconf 75' lang='lat' dir='ltr'>Collegium</span> 
     </span>
     <span class='ocr_line' id='line_1_15' title="bbox 183 2287 384 2356; baseline 0 -2"><span class='ocrx_word' id='word_1_99' title='bbox 183 2287 384 2356; x_wconf 86' lang='lat' dir='ltr'>habuissent.</span> 
     </span>
    </p>

    <p class='ocr_par' dir='ltr' id='par_1_4' title="bbox 228 2403 1246 2492">
     <span class='ocr_line' id='line_1_16' title="bbox 228 2403 1246 2492; baseline 0.001 -20"><span class='ocrx_word' id='word_1_100' title='bbox 228 2403 259 2472; x_wconf 88' lang='lat' dir='ltr'>Si</span> <span class='ocrx_word' id='word_1_101' title='bbox 287 2403 419 2492; x_wconf 88' lang='lat' dir='ltr'>quidem</span> <span class='ocrx_word' id='word_1_102' title='bbox 447 2403 607 2471; x_wconf 88' lang='lat' dir='ltr'>boccum</span> <span class='ocrx_word' id='word_1_103' title='bbox 633 2403 845 2472; x_wconf 85' lang='lat' dir='ltr'>Universitate</span> <span class='ocrx_word' id='word_1_104' title='bbox 874 2405 1094 2473; x_wconf 89' lang='lat' dir='ltr'>consociatum</span> <span class='ocrx_word' id='word_1_105' title='bbox 1120 2405 1246 2488; x_wconf 82' lang='lat' dir='ltr'>suisset,</span> 
     </span>
    </p>
   </div>
   <div class='ocr_carea' id='block_1_3' title="bbox 184 2518 1250 3056">
    <p class='ocr_par' dir='ltr' id='par_1_5' title="bbox 184 2518 1250 3056">
     <span class='ocr_line' id='line_1_17' title="bbox 184 2518 1248 2610; baseline 0.004 -24"><span class='ocrx_word' id='word_1_106' title='bbox 184 2519 356 2610; x_wconf 90' lang='lat' dir='ltr'>Episcop0,</span> <span class='ocrx_word' id='word_1_107' title='bbox 377 2518 587 2602; x_wconf 85' lang='lat' dir='ltr'>Scholastico,</span> <span class='ocrx_word' id='word_1_108' title='bbox 608 2519 764 2587; x_wconf 86' lang='lat' dir='ltr'>canonico</span> <span class='ocrx_word' id='word_1_109' title='bbox 775 2519 965 2608; x_wconf 79' lang='lat' dir='ltr'>capitulari,</span> <span class='ocrx_word' id='word_1_110' title='bbox 988 2520 1248 2609; x_wconf 67' lang='lat' dir='ltr'>Ralliniae&#39;lcgato</span> 
     </span>
     <span class='ocr_line' id='line_1_18' title="bbox 184 2635 1249 2726; baseline -0.002 -20"><span class='ocrx_word' id='word_1_111' title='bbox 184 2637 349 2706; x_wconf 91' lang='lat' dir='ltr'>communi</span> <span class='ocrx_word' id='word_1_112' title='bbox 366 2635 636 2726; x_wconf 88' lang='lat' dir='ltr'>procuratorique</span> <span class='ocrx_word' id='word_1_113' title='bbox 656 2635 763 2723; x_wconf 87' lang='lat' dir='ltr'>Regis,</span> <span class='ocrx_word' id='word_1_114' title='bbox 785 2636 897 2725; x_wconf 86' lang='lat' dir='ltr'>blajori</span> <span class='ocrx_word' id='word_1_115' title='bbox 921 2649 952 2704; x_wconf 88' lang='lat' dir='ltr'>et</span> <span class='ocrx_word' id='word_1_116' title='bbox 972 2637 1028 2703; x_wconf 92' lang='lat' dir='ltr'>uni</span> <span class='ocrx_word' id='word_1_117' title='bbox 1051 2659 1088 2705; x_wconf 87' lang='lat' dir='ltr'>ex</span> <span class='ocrx_word' id='word_1_118' title='bbox 1110 2636 1249 2705; x_wconf 84' lang='lat' dir='ltr'>scabinis</span> 
     </span>
     <span class='ocr_line' id='line_1_19' title="bbox 185 2753 1249 2843; baseline -0.002 -21"><span class='ocrx_word' id='word_1_119' title='bbox 185 2755 366 2822; x_wconf 85' lang='lat' dir='ltr'>curandum</span> <span class='ocrx_word' id='word_1_120' title='bbox 387 2765 456 2820; x_wconf 89' lang='lat' dir='ltr'>erat</span> <span class='ocrx_word' id='word_1_121' title='bbox 472 2753 495 2819; x_wconf 81' lang='lat'>¹.</span> <span class='ocrx_word' id='word_1_122' title='bbox 518 2753 595 2820; x_wconf 87' lang='lat' dir='ltr'>lnde</span> <span class='ocrx_word' id='word_1_123' title='bbox 615 2764 739 2820; x_wconf 90' lang='lat' dir='ltr'>tantum</span> <span class='ocrx_word' id='word_1_124' title='bbox 762 2753 827 2820; x_wconf 94' lang='lat' dir='ltr'>duo</span> <span class='ocrx_word' id='word_1_125' title='bbox 852 2753 936 2822; x_wconf 91' lang='lat' dir='ltr'>inter</span> <span class='ocrx_word' id='word_1_126' title='bbox 956 2765 1078 2843; x_wconf 87' lang='lat' dir='ltr'>septem</span> <span class='ocrx_word' id='word_1_127' title='bbox 1095 2753 1249 2842; x_wconf 81' lang='lat' dir='ltr'>suffragia</span> 
     </span>
     <span class='ocr_line' id='line_1_20' title="bbox 185 2869 1250 2962; baseline -0.002 -23"><span class='ocrx_word' id='word_1_128' title='bbox 185 2870 304 2939; x_wconf 87' lang='lat' dir='ltr'>civitati</span> <span class='ocrx_word' id='word_1_129' title='bbox 325 2870 596 2954; x_wconf 82' lang='lat' dir='ltr'>concedebantur,</span> <span class='ocrx_word' id='word_1_130' title='bbox 615 2892 688 2959; x_wconf 80' lang='lat' dir='ltr'>qnae</span> <span class='ocrx_word' id='word_1_131' title='bbox 709 2892 727 2937; x_wconf 91' lang='lat' dir='ltr'>a</span> <span class='ocrx_word' id='word_1_132' title='bbox 747 2869 861 2939; x_wconf 88' lang='lat' dir='ltr'>ceteris</span> <span class='ocrx_word' id='word_1_133' title='bbox 879 2892 920 2938; x_wconf 87' lang='lat' dir='ltr'>nc</span> <span class='ocrx_word' id='word_1_134' title='bbox 939 2871 1020 2939; x_wconf 91' lang='lat' dir='ltr'>adeo</span> <span class='ocrx_word' id='word_1_135' title='bbox 1040 2883 1250 2962; x_wconf 86' lang='lat' dir='ltr'>superaretur</span> 
     </span>
     <span class='ocr_line' id='line_1_21' title="bbox 184 2986 642 3056; baseline -0.004 -1"><span class='ocrx_word' id='word_1_136' title='bbox 184 2988 271 3056; x_wconf 90' lang='lat' dir='ltr'>haud</span> <span class='ocrx_word' id='word_1_137' title='bbox 288 2986 454 3055; x_wconf 82' lang='lat' dir='ltr'>immerito</span> <span class='ocrx_word' id='word_1_138' title='bbox 472 2986 642 3055; x_wconf 85' lang='lat' dir='ltr'>recusavit.</span> 
     </span>
    </p>
   </div>
   <div class='ocr_carea' id='block_1_4' title="bbox 183 3103 1254 3777">
    <p class='ocr_par' dir='ltr' id='par_1_6' title="bbox 183 3103 1254 3777">
     <span class='ocr_line' id='line_1_22' title="bbox 229 3103 1254 3194; baseline 0.002 -22"><span class='ocrx_word' id='word_1_139' title='bbox 229 3107 337 3194; x_wconf 88' lang='lat' dir='ltr'>ltaque</span> <span class='ocrx_word' id='word_1_140' title='bbox 356 3105 422 3194; x_wconf 85' lang='lat' dir='ltr'>Rex</span> <span class='ocrx_word' id='word_1_141' title='bbox 439 3103 746 3193; x_wconf 87' lang='lat' dir='ltr'>Parlamentumque</span> <span class='ocrx_word' id='word_1_142' title='bbox 763 3104 905 3192; x_wconf 81' lang='lat' dir='ltr'>collegiis</span> <span class='ocrx_word' id='word_1_143' title='bbox 923 3105 963 3172; x_wconf 87' lang='lat' dir='ltr'>ab</span> <span class='ocrx_word' id='word_1_144' title='bbox 980 3105 1254 3188; x_wconf 86' lang='lat' dir='ltr'>Universitatibus</span> 
     </span>
     <span class='ocr_line' id='line_1_23' title="bbox 184 3213 1250 3312; baseline -0.002 -22"><span class='ocrx_word' id='word_1_145' title='bbox 184 3220 338 3311; x_wconf 85' lang='lat' dir='ltr'>sejunctis</span> <span class='ocrx_word' id='word_1_146' title='bbox 355 3221 526 3290; x_wconf 87' lang='lat' dir='ltr'>Curatores</span> <span class='ocrx_word' id='word_1_147' title='bbox 542 3222 768 3311; x_wconf 87' lang='lat' dir='ltr'>imposuerunt</span> <span class='ocrx_word' id='word_1_148' title='bbox 783 3222 823 3289; x_wconf 97' lang='lat' dir='ltr'>ad</span> <span class='ocrx_word' id='word_1_149' title='bbox 839 3221 943 3290; x_wconf 86' lang='lat' dir='ltr'>varias</span> <span class='ocrx_word' id='word_1_150' title='bbox 963 3222 1169 3312; x_wconf 86' lang='lat' dir='ltr'>diversasque</span> <span class='ocrx_word' id='word_1_151' title='bbox 1189 3213 1250 3290; x_wconf 89' lang='lat' dir='ltr'>uti-</span> 
     </span>
     <span class='ocr_line' id='line_1_24' title="bbox 183 3323 1249 3428; baseline 0.001 -23"><span class='ocrx_word' id='word_1_152' title='bbox 183 3338 287 3406; x_wconf 86' lang='lat' dir='ltr'>litates</span> <span class='ocrx_word' id='word_1_153' title='bbox 308 3339 423 3407; x_wconf 89' lang='lat' dir='ltr'>melius</span> <span class='ocrx_word' id='word_1_154' title='bbox 445 3323 704 3408; x_wconf 85' lang='lat' dir='ltr'>accommodatos</span> <span class='ocrx_word' id='word_1_155' title='bbox 720 3337 755 3406; x_wconf 73' lang='lat'>²:</span> <span class='ocrx_word' id='word_1_156' title='bbox 783 3338 977 3428; x_wconf 82' lang='lat' dir='ltr'>Episcopum</span> <span class='ocrx_word' id='word_1_157' title='bbox 1001 3341 1047 3407; x_wconf 84' lang='lat' dir='ltr'>vel</span> <span class='ocrx_word' id='word_1_158' title='bbox 1074 3323 1143 3428; x_wconf 85' lang='lat' dir='ltr'>ejus</span> <span class='ocrx_word' id='word_1_159' title='bbox 1168 3339 1249 3407; x_wconf 90' lang='lat' dir='ltr'>vica-</span> 
     </span>
     <span class='ocr_line' id='line_1_25' title="bbox 184 3452 1248 3543; baseline 0 -23"><span class='ocrx_word' id='word_1_160' title='bbox 184 3452 287 3538; x_wconf 90' lang='lat' dir='ltr'>rium,</span> <span class='ocrx_word' id='word_1_161' title='bbox 332 3454 471 3522; x_wconf 81' lang='lat' dir='ltr'>Balliriae</span> <span class='ocrx_word' id='word_1_162' title='bbox 510 3455 651 3542; x_wconf 88' lang='lat' dir='ltr'>legatum</span> <span class='ocrx_word' id='word_1_163' title='bbox 692 3475 898 3523; x_wconf 89' lang='lat' dir='ltr'>communem</span> <span class='ocrx_word' id='word_1_164' title='bbox 937 3466 1248 3543; x_wconf 87' lang='lat' dir='ltr'>procuratoremque</span> 
     </span>
     <span class='ocr_line' id='line_1_26' title="bbox 185 3558 1249 3661; baseline 0.001 -24"><span class='ocrx_word' id='word_1_165' title='bbox 185 3569 291 3657; x_wconf 86' lang='lat' dir='ltr'>Regis,</span> <span class='ocrx_word' id='word_1_166' title='bbox 315 3569 468 3659; x_wconf 85' lang='lat' dir='ltr'>Majorem</span> <span class='ocrx_word' id='word_1_167' title='bbox 486 3570 732 3660; x_wconf 87' lang='lat' dir='ltr'>scabinumque,</span> <span class='ocrx_word' id='word_1_168' title='bbox 758 3570 840 3639; x_wconf 80' lang='lat' dir='ltr'>diros</span> <span class='ocrx_word' id='word_1_169' title='bbox 867 3558 1064 3661; x_wconf 86' lang='lat' dir='ltr'>optimates3</span> <span class='ocrx_word' id='word_1_170' title='bbox 1084 3571 1116 3638; x_wconf 94' lang='lat' dir='ltr'>in</span> <span class='ocrx_word' id='word_1_171' title='bbox 1137 3593 1249 3661; x_wconf 88' lang='lat' dir='ltr'>perpe·</span> 
     </span>
     <span class='ocr_line' id='line_1_27' title="bbox 184 3687 1254 3777; baseline -0.001 -23"><span class='ocrx_word' id='word_1_172' title='bbox 184 3699 276 3754; x_wconf 89' lang='lat' dir='ltr'>tuum</span> <span class='ocrx_word' id='word_1_173' title='bbox 295 3709 313 3754; x_wconf 92' lang='lat' dir='ltr'>a</span> <span class='ocrx_word' id='word_1_174' title='bbox 333 3687 528 3777; x_wconf 87' lang='lat' dir='ltr'>supradictis</span> <span class='ocrx_word' id='word_1_175' title='bbox 550 3688 679 3770; x_wconf 88' lang='lat' dir='ltr'>clectos,</span> <span class='ocrx_word' id='word_1_176' title='bbox 704 3687 844 3776; x_wconf 88' lang='lat' dir='ltr'>deniquo</span> <span class='ocrx_word' id='word_1_177' title='bbox 866 3687 996 3775; x_wconf 87' lang='lat' dir='ltr'>Collegii</span> <span class='ocrx_word' id='word_1_178' title='bbox 1019 3687 1254 3777; x_wconf 84' lang='lat' dir='ltr'>Principalem,</span> 
     </span>
    </p>
   </div>
   <div class='ocr_carea' id='block_1_5' title="bbox 220 3909 1251 4081">
    <p class='ocr_par' dir='ltr' id='par_1_7' title="bbox 220 3909 1251 4081">
     <span class='ocr_line' id='line_1_28' title="bbox 221 3909 947 3977; baseline -0.001 -11"><span class='ocrx_word' id='word_1_179' title='bbox 221 3914 246 3968; x_wconf 81' lang='lat' dir='ltr'>t.</span> <span class='ocrx_word' id='word_1_180' title='bbox 267 3911 348 3972; x_wconf 74' lang='lat' dir='ltr'>arch.</span> <span class='ocrx_word' id='word_1_181' title='bbox 366 3911 438 3968; x_wconf 87' lang='lat' dir='ltr'>Com.</span> <span class='ocrx_word' id='word_1_182' title='bbox 456 3911 513 3967; x_wconf 88' lang='lat' dir='ltr'>BB.</span> <span class='ocrx_word' id='word_1_183' title='bbox 531 3914 575 3966; x_wconf 87' lang='lat'>86.</span> <span class='ocrx_word' id='word_1_184' title='bbox 593 3910 611 3967; x_wconf 86' lang='lat' dir='ltr'>i.</span> <span class='ocrx_word' id='word_1_185' title='bbox 629 3913 754 3977; x_wconf 74' lang='lat' dir='ltr'>tao-129,</span> <span class='ocrx_word' id='word_1_186' title='bbox 772 3909 947 3965; x_wconf 70' lang='lat' dir='ltr'>amai1762.</span> 
     </span>
     <span class='ocr_line' id='line_1_29' title="bbox 220 4003 1251 4081; baseline -0.005 -19"><span class='ocrx_word' id='word_1_187' title='bbox 220 4013 245 4065; x_wconf 81' lang='lat'>2.</span> <span class='ocrx_word' id='word_1_188' title='bbox 263 4009 325 4064; x_wconf 90' lang='lat' dir='ltr'>Edit</span> <span class='ocrx_word' id='word_1_189' title='bbox 339 4010 372 4063; x_wconf 89' lang='lat' dir='ltr'>de</span> <span class='ocrx_word' id='word_1_190' title='bbox 387 4008 483 4064; x_wconf 79' lang='lat' dir='ltr'>sevrier</span> <span class='ocrx_word' id='word_1_191' title='bbox 500 4011 578 4076; x_wconf 77' lang='lat'>1763,</span> <span class='ocrx_word' id='word_1_192' title='bbox 595 4007 747 4080; x_wconf 83' lang='lat' dir='ltr'>annegistre&#39;</span> <span class='ocrx_word' id='word_1_193' title='bbox 760 4006 783 4062; x_wconf 90' lang='lat' dir='ltr'>le</span> <span class='ocrx_word' id='word_1_194' title='bbox 798 4012 824 4076; x_wconf 80' lang='lat'>5,</span> <span class='ocrx_word' id='word_1_195' title='bbox 838 4013 949 4079; x_wconf 83' lang='lat' dir='ltr'>portant</span> <span class='ocrx_word' id='word_1_196' title='bbox 964 4007 1114 4081; x_wconf 78' lang='lat' dir='ltr'>reglement</span> <span class='ocrx_word' id='word_1_197' title='bbox 1129 4021 1199 4076; x_wconf 88' lang='lat' dir='ltr'>pour</span> <span class='ocrx_word' id='word_1_198' title='bbox 1213 4003 1251 4058; x_wconf 84' lang='lat' dir='ltr'>les</span> 
     </span>
    </p>
   </div>
   <div class='ocr_carea' id='block_1_6' title="bbox 183 4105 963 4180">
    <p class='ocr_par' dir='ltr' id='par_1_8' title="bbox 183 4105 963 4180">
     <span class='ocr_line' id='line_1_30' title="bbox 183 4105 963 4180; baseline 0 -19"><span class='ocrx_word' id='word_1_199' title='bbox 183 4107 222 4162; x_wconf 88' lang='lat' dir='ltr'>les</span> <span class='ocrx_word' id='word_1_200' title='bbox 238 4107 359 4179; x_wconf 76' lang='lat' dir='ltr'>Colleges</span> <span class='ocrx_word' id='word_1_201' title='bbox 375 4107 421 4180; x_wconf 88' lang='lat' dir='ltr'>qui</span> <span class='ocrx_word' id='word_1_202' title='bbox 436 4124 470 4162; x_wconf 88' lang='lat' dir='ltr'>ne</span> <span class='ocrx_word' id='word_1_203' title='bbox 486 4107 642 4178; x_wconf 78' lang='lat' dir='ltr'>dependent</span> <span class='ocrx_word' id='word_1_204' title='bbox 656 4123 705 4178; x_wconf 86' lang='lat' dir='ltr'>pas</span> <span class='ocrx_word' id='word_1_205' title='bbox 720 4107 768 4162; x_wconf 90' lang='lat' dir='ltr'>des</span> <span class='ocrx_word' id='word_1_206' title='bbox 784 4105 963 4162; x_wconf 72' lang='lat' dir='ltr'>Universite&#39;s</span> 
     </span>
    </p>
   </div>
   <div class='ocr_carea' id='block_1_7' title="bbox 220 4200 1253 4361">
    <p class='ocr_par' dir='ltr' id='par_1_9' title="bbox 220 4200 1253 4361">
     <span class='ocr_line' id='line_1_31' title="bbox 220 4200 1253 4262; baseline -0.009 0"><span class='ocrx_word' id='word_1_207' title='bbox 220 4210 246 4262; x_wconf 88' lang='grc'>3.</span> <span class='ocrx_word' id='word_1_208' title='bbox 262 4205 293 4260; x_wconf 93' lang='lat' dir='ltr'>V.</span> <span class='ocrx_word' id='word_1_209' title='bbox 310 4204 408 4260; x_wconf 77' lang='lat' dir='ltr'>l&#39;Arret</span> <span class='ocrx_word' id='word_1_210' title='bbox 422 4206 458 4260; x_wconf 90' lang='lat' dir='ltr'>dn</span> <span class='ocrx_word' id='word_1_211' title='bbox 475 4204 628 4260; x_wconf 87' lang='lat' dir='ltr'>Parlement</span> <span class='ocrx_word' id='word_1_212' title='bbox 642 4205 679 4260; x_wconf 93' lang='lat' dir='ltr'>du</span> <span class='ocrx_word' id='word_1_213' title='bbox 695 4208 710 4260; x_wconf 88' lang='lat'>8</span> <span class='ocrx_word' id='word_1_214' title='bbox 726 4222 798 4260; x_wconf 86' lang='lat' dir='ltr'>mors</span> <span class='ocrx_word' id='word_1_215' title='bbox 819 4207 886 4260; x_wconf 77' lang='lat'>1785</span> <span class='ocrx_word' id='word_1_216' title='bbox 901 4221 907 4258; x_wconf 91' lang='lat'>:</span> <span class='ocrx_word' id='word_1_217' title='bbox 925 4227 939 4255; x_wconf 87' lang='grc'>«</span> <span class='ocrx_word' id='word_1_218' title='bbox 960 4205 1012 4259; x_wconf 83' lang='lat' dir='ltr'>Les</span> <span class='ocrx_word' id='word_1_219' title='bbox 1033 4201 1107 4256; x_wconf 87' lang='lat' dir='ltr'>deux</span> <span class='ocrx_word' id='word_1_220' title='bbox 1127 4200 1253 4257; x_wconf 87' lang='lat' dir='ltr'>notables</span> 
     </span>
     <span class='ocr_line' id='line_1_32' title="bbox 1147 4312 1164 4361; baseline 0 0"><span class='ocrx_word' id='word_1_221' title='bbox 1147 4312 1164 4361; x_wconf 82' lang='lat'><strong>2</strong></span> 
     </span>
    </p>
   </div>
   <div class='ocr_carea' id='block_1_8' title="bbox 0 0 1559 5088">
    <p class='ocr_par' dir='ltr' id='par_1_10' title="bbox 0 0 1559 5088">
     <span class='ocr_line' id='line_1_33' title="bbox 0 0 1559 5088; baseline 0 0"><span class='ocrx_word' id='word_1_222' title='bbox 0 0 1559 5088; x_wconf 95' lang='lat' dir='ltr'> </span> 
     </span>
    </p>
   </div>
  </div>
 </body>
</html>
