3094 5100
649 619 791 675 „71-

192 793 196 824 ··
231 774 397 842 Professor
414 773 514 861 igitur
534 773 698 862 inopinate
720 772 934 863 Principalem
955 783 1173 863 superaverat,
1194 773 1255 863 qui·

187 889 310 958 cladem
334 901 499 979 acceptam
523 889 611 958 brevi
640 889 726 958 ultus
747 901 805 959 est,
833 891 903 958 Non
927 889 1014 958 enim
1039 889 1175 957 dubium
1205 901 1253 958 est

187 1006 278 1095 quin,
295 1006 393 1094 hujus
408 1001 554 1087 consilio,
569 1005 740 1076 Curatores
755 1005 955 1075 decreverint
975 1033 989 1068 r
1007 1005 1164 1074 ambobus
1177 1005 1252 1094 phi-

186 1123 340 1212 losophiae
369 1121 531 1210 magistris
560 1123 672 1211 priore
703 1143 788 1190 anno
821 1123 969 1210 logicam,
998 1121 1250 1213 metaphysicam

187 1239 402 1328 amicamque,
428 1239 605 1329 posteriorc
631 1251 740 1307 autem
763 1239 870 1310 statim
895 1240 935 1306 ah
964 1239 1056 1307 initio
1084 1238 1250 1328 physicam

186 1355 282 1423 latine
302 1355 486 1423 dictandam
507 1377 588 1440 esse,
610 1377 670 1424 nec
694 1355 953 1426 mathematicam
975 1355 1257 1445 geometriamquc.
1350 1369 1351 1374 ’

186 1470 325 1559 amplius
348 1481 413 1538 tres
438 1470 560 1560 primos
583 1491 708 1539 menses
734 1470 980 1562 praeripiendas,
1007 1470 1051 1538 ita
1071 1481 1106 1537 ut
1126 1469 1250 1536 mathe-

187 1587 311 1656 maticae
341 1588 444 1656 theses
468 1588 622 1656 ianuario
648 1609 758 1663 mense
781 1588 927 1656 nondum
959 1587 1104 1656 confecto
1128 1608 1249 1677 propu-

185 1702 378 1792 gnarentnr.'
391 1705 492 1773 Ambo
512 1704 612 1792 igitur
630 1705 776 1792 magistri
797 1704 1044 1773 commentarios
1060 1724 1135 1771 suos
1151 1703 1250 1771 latine

186 1820 354 1888 dictabant
374 1821 643 1911 explicabuntque
659 1843 697 1889 ac
716 1821 892 1911 discipulos
913 1822 1117 1890 exercebunt.
1139 1820 1251 1889 Latine

186 1944 291 2011 theses
306 1954 337 2011 ct
354 1942 537 2010 scribentur
557 1953 588 2009 et
600 1942 895 2031 propugnabantur
910 1964 918 2024 ;
940 1941 972 2008 in
992 1941 1031 2008 iis
1047 1952 1155 2008 autem
1177 1962 1249 2029 quae

187 2059 326 2149 physicae
347 2058 585 2147 praelectionem
612 2059 816 2140 concludent,
840 2058 962 2147 pariter
988 2058 1085 2126 latino
1107 2056 1247 2146 scriptia,

185 2172 301 2260 logica,
323 2172 552 2262 metaphysica,
572 2172 676 2240 ethica
696 2172 892 2262 physicaque
909 2172 1172 2254 continebuntur,
1190 2192 1250 2238 nec

186 2286 272 2353 aliud
303 2287 364 2354 nisi
388 2286 527 2376 physicae
557 2286 775 2376 experimenta
801 2287 930 2375 publica
952 2287 1065 2374 gallice
1099 2285 1249 2354 enuclea-

185 2402 343 2472 hitnr1».
372 2403 439 2470 llac
462 2423 537 2470 vero
561 2402 602 2470 de
631 2424 665 2470 re
688 2403 850 2492 quomodo
874 2403 967 2470 aliter
992 2423 1137 2492 unquam
1164 2401 1250 2469 fierit

186 2518 314 2608 potuit?

230 2635 314 2722 Ergo
345 2636 442 2703 latina
475 2636 585 2723 lingua
615 2636 745 2705 omnino
781 2637 989 2726 praevalebat.
1027 2636 1154 2725 ltaque,
1191 2635 1250 2704 etsi

185 2752 352 2835 harnam),
375 2772 459 2819 anno
473 2765 640 2842 sequente,
659 2753 777 2821 iterum
796 2753 1005 2842 pertinaciter
1024 2752 1133 2820 enisus
1149 2765 1197 2819 est
1214 2764 1250 2819 ut

185 2865 283 2932 thesis
295 2865 407 2952 gallice
421 2879 695 2955 propugnaretur,
713 2868 841 2935 duobus
853 2866 1140 2956 patribusfamilias
1157 2866 1249 2933 Lute-

186 2982 261 3049 tiam
280 2983 425 3050 consulto
442 2983 596 3072 profectis
615 2984 654 3050 ad
676 2983 766 3051 illum
786 2983 1018 3072 adjuvandum,
1041 2985 1188 3052 Roussan
1207 3004 1249 3051 an

186 3119 225 3166 m
238 3099 329 3166 Toua
342 3099 506 3188 respondit
519 3100 606 3166 hunc
619 3100 809 3187 magistrum
826 3125 839 3164 r
858 3099 1001 3187 ingenia,
1016 3099 1136 3184 studio,
1151 3120 1250 3166 aemu-

184 3214 303 3283 latione
319 3216 492 3305 praeditnm
506 3237 574 3284 esse
593 3242 622 3300 a,
638 3239 671 3285 se
684 3228 792 3285 autem
808 3217 915 3307 ipsum
932 3217 1095 3300 arbitrari,
1111 3243 1127 3280 <r
1144 3200 1259 3305 quan-¹

185 3353 281 3421 quam
300 3331 332 3398 id
354 3353 455 3418 genus
473 3333 682 3402 humanitatis
704 3371 744 3383 -
765 3334 797 3419 id
817 3346 864 3402 est
883 3334 981 3401 thesis
997 3333 1109 3421 gallice
1129 3333 1249 3422 scripta

184 3460 453 3538 propugnataque
471 3433 606 3517 -utile
624 3449 820 3539 cognitaque
839 3450 975 3536 dignum
991 3449 1043 3532 sit,
1063 3448 1163 3516 satius
1180 3469 1249 3516 esse

221 3663 335 3720 hdrclr.
348 3663 519 3735 de.D.3.f.
531 3668 615 3734 110,7
623 3663 775 3736 juinttto.
789 3663 831 3722 Cf.
844 3663 1075 3736 Grdard,0p.ct't.‚
1087 3669 1108 3721 t.
1118 3664 1248 3736 ll‚p.37:

186 3773 198 3805 «
219 3753 299 3807 Anno
319 3751 428 3807 Domini
450 3757 528 3822 1789,
548 3753 591 3808 die
607 3752 734 3808 ttlercurii
750 3752 855 3808 decima
870 3759 948 3808 sexta
962 3751 1065 3807 mensis
1081 3751 1248 3820 DecembriS,

184 3839 279 3895 hahita
300 3840 415 3895 suntin
438 3841 557 3913 Collegio
579 3840 709 3896 Ludovici
735 3841 830 3914 Magni
853 3841 961 3897 comitia
988 3840 1102 3896 rectoria
1127 3840 1250 3908 Quatuor

184 3929 365 3986 Nationum...
389 3931 535 3986 Accessere
557 3932 666 3986 demum
688 3930 754 3985 varii
778 3930 957 4003 philosophia
981 3930 1119 3985 auditores
1142 3947 1173 3985 ac
1194 3931 1249 3984 duo

184 4018 294 4090 petiere,
315 4018 429 4075 alterum
449 4037 482 4074 ne
501 4019 529 4074 in
546 4027 685 4092 posterum
704 4019 871 4090 professores
889 4019 1067 4093 philosophica
1087 4018 1249 4090 scriptiones

185 4125 250 4167 suas
262 4108 398 4164 dictarent
407 4108 435 4163 in
450 4109 550 4164 scholis
562 4127 569 4178 ;
583 4109 696 4165 alterum
708 4125 782 4176 vero,
797 4127 831 4164 ne
844 4110 1010 4183 professores
1025 4108 1106 4163 iidem
1120 4107 1249 4164 lectiones

184 4215 250 4253 suas
265 4198 357 4268 latine,
374 4199 421 4254 sed
437 4199 580 4262 vernacule
594 4204 688 4256 essent
703 4196 835 4257 habituri.
851 4221 865 4250 a
