3096 5088
617 598 757 654 ‚27-

154 773 188 819 re
200 762 265 820 tam
280 751 379 819 dubia
392 751 544 833 eveniret,
559 749 733 842 Principali
750 762 880 820 versuto
894 751 1118 840 constantique
1135 773 1219 842 opus

154 879 233 952 erat,
251 866 490 956 quiCuratores
505 867 570 935 lere
584 867 703 936 inscios
720 867 954 936 moderaretur.
974 866 1096 955 Ingenii
1108 878 1215 936 autem

155 984 186 1052 id
204 1005 340 1052 acumen
360 983 469 1051 abbati
489 983 596 1052 Monta
618 982 800 1052 deficiebat.

159 1181 160 1186 ,
198 1112 320 1180 Praeses
338 1111 447 1200 itaque
467 1110 634 1194 Rotunda,
657 1133 675 1178 a
698 1110 839 1178 delatore
857 1110 1029 1200 Principali
1050 1110 1218 1200 deeeptus,

155 1227 365 1298 Curatoribus
384 1227 459 1296 solis
482 1227 569 1316 quod
594 1248 658 1295 non
683 1227 798 1295 floreat
818 1226 996 1314 Collegium
1015 1227 1092 1295 vitio
1112 1226 1218 1304 vortit

154 1345 301 1413 Attamen
326 1365 402 1412 voce
427 1325 548 1412 leniore
572 1343 684 1432 adjicit
707 1367 720 1407 t
741 1364 806 1412 non
826 1343 865 1410 iis
887 1342 1066 1418 timendum
1089 1364 1218 1412 essene

155 1472 294 1553 potestas
314 1459 571 1541 sua‘minuatur‚
597 1459 691 1548 cujus
712 1458 792 1527 fines
816 1471 919 1528 certos
942 1459 1011 1547 lege
1029 1459 1219 1528 constitutos

154 1597 403 1666 nonnunquam,
422 1576 477 1644 sed
500 1597 587 1659 raro,
609 1577 691 1644 lorte
713 1575 1019 1664 liceatltransgredi,
1042 1575 1219 1645 dummodo

155 1692 348 1790 Parlameuti
365 1692 489 1780 legatus
506 1691 701 1760 assentiatur
723 1716 751 1759 i.

201 1819 258 1903 lta,
274 1817 420 1908 quamvis
431 1839 485 1886 eos
502 1817 552 1885 his
566 1817 671 1886 verbis
683 1817 887 1908 permulcere
896 1828 1041 1901 conetur,
1056 1816 1221 1906 jussuum

155 1934 362 2026 persequitur
377 1944 419 2018 et,
439 1934 523 2002 inter
539 1945 645 2001 cetera
659 1933 699 2001 de
719 1933 838 2022 quibus
853 1931 987 2018 audiuit,
1007 1933 1068 2001 sibi
1084 1955 1103 2000 a
1119 1933 1219 2001 Cura-

158 2052 281 2120 toribus
303 2073 340 2119 ea
362 2050 538 2119 deliberata
562 2071 626 2119 non
648 2072 707 2140 per
728 2049 850 2118 litteras
875 2049 957 2117 tradi
982 2049 1220 2134 animadvertit,

159 2192 175 2251 ς(
197 2191 234 2236 ex
251 2188 316 2257 quo
333 2166 387 2234 fiat
401 2177 436 2234 ut
449 2168 552 2254 legem
565 2165 714 2234 violatam
733 2166 794 2233 illis
813 2165 1008 2256 significare,
1029 2187 1069 2252 ne
1082 2147 1221 2256 amplius

89 2304 91 2308 ·
157 2265 190 2351 in
206 2305 348 2352 errorem
364 2282 526 2366 labantur,
544 2282 612 2371 ipse
629 2303 693 2376 non
709 2281 831 2372 pussit¹
851 2305 880 2347 a.
900 2282 970 2350 Non
983 2281 1069 2350 enirn
1084 2282 1222 2370 dubium

157 2412 204 2477 est
223 2400 302 2490 quin
323 2399 429 2490 reipsa
450 2398 621 2466 Curatores
641 2398 709 2466 sine
726 2397 1009 2468 arbitrioalterius
1024 2420 1119 2487 agere
1134 2399 1222 2488 eupi-

155 2505 270 2586 uerint.
284 2517 440 2584 Ronuaun
452 2526 573 2598 autem,
585 2535 650 2584 non
662 2515 796 2602 ignarus
808 2535 920 2582 eornm
932 2537 1005 2604 quae
1016 2527 1220 2600 censuerant,

157 2619 269 2702 scribit
288 2656 309 2696 -u
333 2652 398 2700 non
429 2631 490 2699 illis
518 2630 735 2727 recusandum
761 2651 830 2698 esse
856 2651 896 2698 ne
922 2630 1111 2722 Principalis
1138 2631 1221 2699 vice-

111 2825 112 2828 *
157 2747 369 2839 principalem
387 2748 485 2836 eligat
503 2747 688 2837 ejiciatque‚
710 2758 745 2818 ut
765 2748 813 2817 las
838 2761 886 2816 est
910 2771 940 2834 a,
966 2760 1063 2838 atque
1086 2748 1125 2818 de
1145 2769 1222 2817 con·

157 2864 320 2934 troversiis
349 2864 432 2932 inter
458 2863 673 2954 Principalem
700 2887 737 2933 ae
767 2865 939 2934 Curatores
966 2865 1057 2950 ortis,
1087 2866 1223 2954 «legato

157 2981 351 3050 Parlamenti
380 2961 686 3049 communicandum
708 3003 789 3066 esse,
814 2981 882 3071 qui,
905 2981 1038 3050 modurn
1062 2981 1107 3050 rei
1130 2982 1248 3049 adai..

157 3099 249 3182 bens,
284 3097 503 3166 concordiam.
527 3097 712 3166 reconciliet
747 3098 787 3167 ad
824 3097 1092 3182 benefaciendum
1124 3120 1222 3188 quarn

158 3213 296 3284 maxime
312 3215 528 3284 neeessariam
548 3242 577 3282 1.

203 3341 334 3408 Fatetur
349 3339 448 3428 igitur
466 3340 628 3410 Rornano-
642 3340 876 3410 dissensionem
898 3341 1061 3410 assiduam
1083 3339 1224 3428 Collegio

158 3445 367 3550 pertinaciter
384 3456 545 3526 nocuisse.
571 3457 638 3525 Etsi
661 3455 831 3526 Curatores
853 3479 913 3547 pro
932 3457 1074 3526 dominis
1096 3479 1130 3526 se
1152 3478 1223 3546 ges-

195 3695 220 3746 1.
236 3689 317 3747 Areia.
334 3691 397 3763 Dap.
415 3691 449 3746 D.
464 3693 507 3746 12.
524 3689 628 3762 Liasse.
643 3690 735 3746 Lettre
749 3690 782 3745 de
797 3689 905 3746 Roland
920 3707 974 3745 aux
985 3689 1224 3748 administrateurs

159 3787 197 3842 du
212 3787 330 3860 Collega,
345 3791 362 3843 t
377 3805 449 3844 mars
464 3792 542 3860 1783.
561 3819 594 3829 -
607 3789 727 3861 Append.
744 3788 791 3845 VI.
808 3787 849 3844 Cl.
863 3789 989 3845 Archiues
1003 3790 1172 3858 Notionnlas,
1188 3790 1223 3859 H,

160 3888 239 3956 tosa,
257 3908 270 3938 a
286 3887 359 3941 deux
378 3886 467 3959 piceos
483 3885 531 3960 qui
550 3885 609 3943 sont
628 3885 726 3942 extruit
746 3886 780 3942 de
795 3885 989 3943 deliberations
1008 3888 1045 3943 du
1065 3885 1172 3960 College
1191 3887 1225 3942 de

159 3983 185 4039 la
199 3983 259 4039 ville
274 3984 413 4040 d'Amiens
429 3989 456 4041 01
469 3983 548 4040 lettre
563 3987 579 4040 a
593 3983 675 4040 Male
695 3984 848 4040 Procureur
867 3985 977 4058 general
996 3989 1012 4041 a
1030 3984 1068 4040 lui
1088 3988 1224 4058 envopees

160 4099 193 4137 en
209 4082 353 4139 execution
368 4083 401 4138 de
415 4082 508 4142 l'arrdt
522 4085 557 4142 de
570 4083 597 4142 la
611 4083 684 4140 Cour
703 4084 740 4139 du
760 4081 830 4140 mois
849 4084 883 4141 de
901 4101 974 4141 mars
995 4087 1062 4142 1783
1082 4089 1108 4140 et
1122 4100 1172 4157 par
1186 4082 1225 4138 lui

160 4180 291 4253 deposcas
307 4201 332 4240 a.
