3094 5100
790 615 930 672 „55-

327 769 408 840 serie
422 771 547 839 nullum
562 767 787 860 philosophiae,
802 769 957 861 physicae,
971 767 1208 839 mathematic'ae
1225 769 1391 838 addictum

286 947 288 950 .
326 889 419 956 esset
437 888 514 967 Quae
535 887 667 978 quidem
685 887 892 976 jamdudum,
915 887 941 956 si
963 887 1100 975 logicam
1119 888 1290 976 paululum
1306 888 1393 958 esci-

326 1004 407 1094 pias,
435 1005 467 1071 in
495 1015 680 1094 contemptu
708 1003 870 1093 jacebant.
896 1004 1010 1072 Libros
1039 1024 1114 1072 uero
1138 1003 1172 1071 in
1202 1004 1321 1093 quibus
1352 1005 1392 1072 de

325 1119 468 1190 scientiis
499 1120 537 1188 iis
566 1121 766 1189 tractabatur
794 1119 835 1187 ad
868 1142 962 1188 usum
990 1118 1227 1209 discipulorum
1258 1120 1392 1188 idoneos

324 1258 505 1327 perpaucos
519 1237 618 1307 luisse
632 1238 681 1305 uel
693 1238 760 1306 lere
777 1238 882 1306 nullos
896 1247 1020 1306 constat
1035 1236 1058 1304 ¹.
1079 1235 1228 1304 Ceterum
1244 1236 1392 1325 magistri

326 1353 574 1422 commentarios
592 1375 667 1422 suos
685 1353 853 1443 discipulis
871 1365 926 1422 aut
943 1352 1108 1421 dictabant
1122 1364 1178 1421 aut
1195 1353 1292 1421 etiam
1309 1352 1392 1443 typis

324 1469 493 1539 mandatos
513 1470 775 1539 committebant:

367 1585 492 1676 Scripta
505 1599 613 1655 autem
626 1586 772 1676 ejusdem
786 1586 913 1674 generis
926 1586 1097 1677 exquibus
1115 1585 1295 1656 doctrinam
1312 1586 1392 1653 hau-

323 1702 426 1772 rirent
444 1705 641 1794 professores
669 1725 734 1772 non
757 1703 865 1772 medio
886 1704 1145 1772 duodevicesimo
1167 1705 1286 1772 saeculo
1309 1703 1390 1771 deti-

323 1819 462 1888 ciebant.
474 1818 605 1887 lesaitae
616 1818 691 1909 ipsi,
707 1818 733 1886 si
746 1818 952 1887 Bibliothecae
963 1817 1096 1906 Collegii
1107 1819 1251 1906 catalogo
1262 1817 1388 1901 credas,

322 1936 440 2026 inquo
463 1935 686 2004 inscribuntur
708 1935 809 2002 multa
833 1956 932 2024 opera
959 1948 1033 2004 ante
1057 1957 1179 2004 annum
1201 1933 1389 2004 MDCCLXll

321 2051 476 2142 pleraque
501 2050 588 2120 edita
609 2063 719 2139 atque,
742 2061 778 2118 ut
799 2050 926 2141 opinor,
949 2049 1333 2142 acquisita²,physicam
1353 2051 1386 2118 in

266 2151 267 2156 ἵ
320 2167 435 2257 primis
451 2167 610 2249 colebant,
632 2166 752 2233 nedum
771 2166 920 2235 scientias
937 2189 1071 2257 prorsus
1088 2167 1302 2257 despicerent.
1326 2166 1387 2235 Sed

320 2282 499 2350 Cartesium
526 2281 693 2350 Newtonio
719 2281 884 2350 mordicus
912 2282 1150 2372 anteponebant
1176 2281 1384 2372 physicaeque

318 2398 479 2489 principia
495 2398 699 2486 generaliter,
720 2398 946 2488 experimentis
961 2399 1029 2467 scre
1047 2398 1187 2482 omissis,
1209 2398 1381 2468 docebant.

319 2515 401 2595 Quid
419 2515 506 2604 quod
523 2514 573 2583 bis
589 2514 814 2584 instrumentis
831 2515 1034 2584 solummodo
1052 2516 1252 2585 utebantur‘.l

355 2726 380 2776 1.
397 2722 430 2778 V.
448 2722 595 2794 Catuiopoe
606 2722 639 2778 dc
653 2723 680 2778 lo
695 2724 886 2796 bibliotheque
900 2725 938 2780 du
954 2725 1068 2796 Cotttpe.
1085 2754 1119 2763 —
1133 2724 1244 2793 Duhan,
1261 2723 1306 2796 ph.
1323 2738 1385 2796 pr.:

318 2820 497 2892 Philosophus
512 2822 541 2876 io
558 2825 705 2892 utrumque
722 2825 832 2894 portem
848 2822 883 2877 ad
900 2839 981 2878 asum
999 2823 1096 2878 scholae
1113 2822 1238 2878 derebus
1254 2821 1386 2894 lopicisct

314 2918 436 2990 physicis
451 2936 514 2974 curn
529 2920 775 2991 disputationibus,
793 2922 879 2989 16943
896 2921 934 2976 id.
952 2924 1029 2976 1730.

354 3021 379 3071 2.
397 3016 593 3089 veritateque
612 3019 645 3073 de
665 3019 691 3074 tu
706 3018 894 3088 Bibliothecae
909 3019 947 3074 du
961 3020 1076 3092 dollepe.
1093 3051 1126 3060 —
1146 3017 1224 3089 Keill,
1242 3018 1385 3074 Introduc-

318 3115 404 3170 tiohes
423 3116 457 3171 ud
476 3132 569 3171 veram
584 3116 729 3189 physicam
747 3133 893 3188 veramque
907 3121 1116 3188 astronomiam,
1134 3117 1236 3191 quibus
1251 3117 1386 3173 accedunt

317 3211 524 3284 trigonometria
537 3215 570 3269 de
581 3213 686 3270 viribus
703 3213 880 3283 neutralibus,
896 3215 930 3271 de
944 3215 1052 3288 legibus
1067 3215 1249 3284 attractionis,
1262 3197 1386 3271 1739,-

317 3311 455 3381 Trabaud,
475 3312 616 3384 Principes
635 3330 684 3368 sur
699 3315 723 3368 te
738 3316 910 3370 niouuemeut
929 3316 954 3370 ct
970 3331 1019 3370 sor
1037 3303 1198 3385 t’epuiiibre,
1215 3329 1284 3386 pour
1299 3312 1386 3368 servir

316 3408 530 3465 d'introductiou
545 3428 600 3466 aux
614 3410 789 3484 mecaniques
804 3417 830 3466 et
842 3415 858 3466 b
872 3411 898 3466 la
909 3411 1057 3485 physique,
1072 3416 1150 3470 1711.
1163 3413 1199 3469 Le
1212 3413 1387 3468 mouuetncrat

316 3509 348 3563 de
361 3509 388 3563 tu
404 3509 520 3564 tumierc
535 3526 570 3564 ou
588 3509 719 3582 premiers
735 3509 872 3582 principes
887 3509 1039 3584 d'optique‚
1056 3513 1134 3567 1753.
1158 3512 1193 3566 Le
1211 3511 1387 3565 mouuement

315 3587 360 3662 des
374 3622 450 3678 corps
465 3610 604 3663 terrestres
619 3607 761 3663 considere
776 3609 846 3663 dans
859 3606 897 3663 les
908 3607 1048 3663 machinas
1063 3615 1091 3664 et
1104 3608 1143 3666 les
1158 3625 1238 3680 corps
1251 3606 1383 3676 naturels,

317 3708 395 3762 1753.
413 3737 443 3745 —
464 3706 638 3776 NcwtoniuS,
658 3707 841 3779 Philosophiae
859 3708 997 3764 naturalis
1013 3708 1154 3779 principia
1176 3707 1384 3770 mathematico,

316 3806 394 3859 1713.
412 3835 446 3845 -
465 3805 645 3873 Courtevron,
667 3807 757 3861 truite
773 3806 909 3877 d’optipue
928 3809 963 3860 ob
977 3804 1031 3860 l'on
1049 3806 1139 3860 donne
1154 3803 1179 3860 la
1193 3803 1296 3860 theorie
1311 3804 1345 3859 de
1360 3803 1386 3859 la

314 3901 426 3958 lumiere
445 3904 515 3959 dans
529 3903 553 3958 le
569 3908 688 3977 systema
703 3896 878 3973 Newtonien,
895 3908 973 3960 1752.
990 3937 1024 3944 -
1044 3903 1130 3958 Nollet
1147 3902 1267 3976 (labbe),
1285 3903 1384 3969 Lepores

316 4000 348 4056 de
359 4002 493 4074 physipue
507 4003 730 4074 esperimeutale,
744 4005 822 4058 1759.
835 4034 869 4043 -
884 4002 1008 4071 Paulian,
1019 4001 1130 4074 jesuite,
1146 4002 1337 4057 Diationaoire
1352 4003 1385 4058 de

311 4099 456 4171 phpsique,
473 4105 551 4181 1761.
564 4131 598 4142 -
613 4099 824 4171 Mnsseubrock,
841 4102 924 4158 Cours
939 4101 972 4157 de
982 4101 1118 4173 phpsipue
1131 4100 1349 4172 experimentule
1359 4103 1384 4155 et

314 4198 553 4270 mathematicum,
570 4198 673 4256 taeduit
688 4199 724 4254 du
739 4197 870 4272 latinpar
885 4198 991 4272 Sigaud
1006 4199 1039 4264 de
1053 4197 1079 4254 le
1094 4199 1177 4268 Tour,
1195 4200 1274 4258 1769.
