3094 5100
755 660 895 715 ..88-

289 813 392 883 labori
420 814 630 903 moribusque
659 813 893 882 consulendum
919 825 978 883 est.
1008 815 1144 883 Praemia
1168 816 1209 883 ad
1230 817 1370 884 amula-

290 931 410 999 tionem
432 931 631 1000 excitandam
654 930 770 998 idonea
791 943 877 1014 sunt,
896 931 1086 1015 dummodo,
1109 953 1173 1000 non
1193 933 1369 1000 liberalius

290 1069 384 1138 aequo
401 1047 586 1130 distributa,
602 1046 724 1135 aliquid
738 1047 832 1137 pretii
849 1048 999 1115 habeant.
1016 1048 1151 1116 Necesse
1164 1059 1226 1131 θεῖς
1242 1047 1269 1115 si
1283 1047 1369 1115 velis

291 1163 399 1232 studia
428 1182 493 1230 non
521 1162 555 1229 in
585 1161 727 1230 deterius
755 1163 832 1246 labi,
862 1175 898 1230 ut
927 1163 1090 1253 discipuli,
1116 1176 1290 1253 antequam
1320 1164 1366 1231 ad

291 1282 424 1349 classem
451 1277 653 1367 superiorem
676 1290 852 1362 transeant,
874 1279 987 1346 sedulo
1012 1279 1228 1368 inspiciantur
1252 1302 1367 1348 mane-

291 1417 391 1486 reque
414 1395 447 1462 in
477 1395 577 1462 classe
601 1394 766 1479 inferiore,
797 1395 824 1462 si
851 1416 933 1485 opus
958 1395 1010 1479 sit,
1037 1408 1204 1484 cogantur.
1228 1397 1366 1487 Oportet

290 1513 386 1582 etiam
406 1521 441 1579 ut
460 1511 622 1598 magistris
643 1511 795 1579 omnibus
816 1510 1012 1601 Collegiique
1028 1513 1159 1602 praesuli
1176 1514 1363 1582 scholastici

287 1630 408 1719 justam
424 1627 635 1696 reverentiam
649 1640 814 1716 praestent.
833 1628 868 1694 ln
884 1627 997 1717 primis
1012 1651 1097 1714 vero,
1115 1630 1142 1697 si
1158 1630 1231 1719 quis
1246 1652 1362 1698 eorum

290 1745 436 1836 perditus
459 1765 565 1812 mores
589 1744 777 1833 aequalium,
801 1744 848 1812 vel
872 1756 960 1812 extra
984 1747 1031 1812 vel
1056 1746 1140 1813 intra
1162 1767 1274 1814 muros
1292 1746 1363 1814 Col·

290 1862 377 1950 legii,
396 1861 573 1950 depravare
589 1871 699 1950 queat,
715 1859 784 1927 sine
804 1860 867 1926 ulla
882 1882 971 1929 mora
985 1862 1184 1930 exturbetur.
1209 1862 1359 1931 Ceterum

291 1979 324 2046 in
341 1977 481 2064 Collegio
501 1977 571 2066 ipso
590 1976 810 2044 habitantibus
831 1978 983 2062 alumnis,
1006 1979 1031 2046 si
1049 2000 1176 2046 summa
1194 1979 1359 2066 diligentia

290 2093 590 2182 benevolentiaque,
613 2103 648 2160 ut
668 2092 772 2176 decet,
794 2093 1029 2178 custodientur,
1059 2094 1174 2162 melius
1195 2095 1256 2162 erit
1274 2116 1311 2161 ac
1331 2094 1356 2160 si

290 2210 423 2300 privatis
456 2208 642 2277 hominibus
672 2229 727 2276 eos
755 2209 861 2276 trades
897 2209 978 2276 nihil
1003 2209 1091 2277 aliud
1123 2231 1221 2299 quarn
1252 2232 1290 2278 ex
1321 2231 1357 2278 eo

291 2337 452 2417 quaestum
471 2325 677 2393 facientibus.
1121 2349 1123 2354 ·

334 2453 380 2520 Ne
398 2451 523 2520 veroin
541 2450 602 2517 alia
621 2449 798 2539 quaestione
814 2471 922 2518 morer
940 2451 979 2518 de
995 2472 1059 2539 qua
1076 2450 1143 2518 lere
1158 2472 1269 2519 omnes
1287 2473 1359 2520 con-

290 2567 445 2651 sentiunt,
467 2566 607 2634 breviter
624 2566 810 2634 memorabo
827 2588 845 2634 a
860 2566 1109 2656 professoribus,
1131 2566 1279 2635 doctriua
1296 2568 1360 2656 plo·
1437 2563 1440 2570 ⁴

290 2684 399 2772 risque
433 2681 673 2764 eruditissimis,
707 2682 901 2770 exigendum
934 2703 1003 2750 esse
1035 2694 1071 2749 ut
1104 2695 1254 2750 accurate
1294 2695 1360 2750 toto

290 2820 426 2868 munere
447 2800 636 2886 iungantur,
659 2819 696 2866 cx
718 2800 828 2886 regula
847 2799 927 2866 nihil
944 2798 1100 2886 derogent
1115 2799 1359 2888 discipulosque

290 2916 427 2984 doceant
447 2935 507 3004 pro
528 2915 650 2982 viribus
672 2914 752 2999 suis,
778 2915 898 3004 quippe
920 2914 976 3004 qui
999 2935 1032 2982 se
1054 2915 1141 3004 ipsos
1162 2915 1262 2982 libere
1284 2915 1360 2982 huic

291 3030 411 3115 officio,
436 3032 484 3098 vel
507 3030 646 3118 ingrato,
675 3030 917 3114 obstrinxerint.
948 3031 1107 3098 Praeterea
1136 3051 1267 3098 necesse
1299 3041 1358 3114 est,

291 3168 355 3216 non
368 3147 474 3215 solum
491 3156 539 3230 ut,
556 3147 689 3214 honeste
706 3146 840 3214 vivendo
854 3146 1017 3235 privatim,
1037 3146 1184 3214 omnium
1200 3145 1362 3214 existima-

291 3264 412 3332 tionem
435 3262 496 3329 sibi
518 3263 700 3346 concilient,
722 3262 777 3330 sed
799 3263 894 3329 etiam
917 3262 1096 3330 verecunde
1119 3275 1207 3330 extra
1226 3262 1360 3330 domurn

290 3381 499 3467 scholamque
533 3379 638 3446 verbis
673 3378 867 3468 scriptisque
898 3389 1089 3467 temperent,
1122 3399 1163 3446 ne
1193 3378 1361 3467 propriam

290 3495 478 3584 dignitatem
492 3495 715 3584 periclitentur
725 3505 780 3561 aut
790 3494 930 3583 corpori,
945 3494 997 3561 cui
1011 3493 1123 3562 inserti
1136 3505 1224 3579 sunt,
1235 3493 1361 3583 aliquid

283 3611 476 3710 detrimenti
492 3611 639 3679 aflerant.

336 3736 440 3804 Pluris
453 3748 561 3806 tamen
577 3736 721 3818 interest,
731 3746 767 3801 ut
779 3755 933 3824 prospere
947 3734 1087 3822 Collegio
1100 3735 1263 3819 succedat,
1279 3757 1363 3824 prae·

291 3855 394 3922 sulem
419 3853 495 3940 eligi
520 3852 624 3918 virum
655 3863 836 3936 strenuum,
866 3851 1071 3941 prudentem,
1097 3852 1287 3939 benignum,
1319 3853 1362 3919 ad

291 3970 520 4058 imperandum
539 3968 693 4051 habilem,
718 3967 852 4054 dignum
871 3989 966 4056 quem
988 3968 1169 4036 administri
1188 3979 1364 4036 vereantur

292 4098 535 4173 sequanturque
560 4083 707 4150 libenter.
734 4082 807 4166 Sed,
835 4095 872 4150 ut
896 4104 1005 4150 revera
1024 4083 1140 4170 polleat
1165 4082 1231 4166 ille,
1255 4094 1364 4172 potes·

293 4210 355 4265 tate
379 4200 534 4288 peculiari
563 4209 671 4265 utetur
693 4198 788 4266 certis
805 4198 930 4284 legibus
957 4197 1101 4282 definita,
1128 4219 1208 4287 quas
1236 4199 1361 4266 nemini
