3096 5088
744 1277 872 1346 catur
892 1279 942 1345 ll'.

472 1520 625 1578 QUOMODO
650 1519 798 1568 hldGlSTRl
822 1521 1005 1571 ntsctrtttos
1028 1523 1222 1571 nocuerunt.

321 1757 326 1768 ·
362 1723 512 1805 Quamvis
531 1733 638 1791 autem
663 1723 745 1790 nihil
762 1744 835 1792 rere
854 1724 928 1791 novi
948 1736 1004 1791 aut
1024 1725 1180 1813 incogniti
1203 1726 1244 1794 de
1265 1728 1386 1796 scholis

318 1839 582 1910 administrandis
610 1839 643 1906 in
672 1839 811 1927 Collegio
834 1840 1041 1909 hmbianensi
1067 1843 1300 1931 requirendum
1328 1844 1383 1927 sit,

317 1958 444 2046 singula
467 1956 615 2046 quaedam
638 1956 678 2022 ah
699 1977 759 2023 usu
784 1957 948 2024 communi
975 1957 1207 2048 discreparisse
1233 1971 1384 2028 constan-

318 2085 431 2163 terque
455 2084 492 2139 ut
511 2071 617 2139 studia
640 2072 783 2159 rigerent
805 2073 969 2162 provisum
988 2094 1058 2142 esse
1078 2075 1273 2161 notavimus,
1299 2099 1385 2166 prae-

318 2190 428 2258 sertim
460 2209 560 2278 quum
593 2188 633 2255 de
663 2188 795 2277 antiqua
821 2189 957 2276 logicam
984 2190 1217 2282 physicamque
1245 2193 1385 2261 docendi

319 2306 442 2375 ratione
459 2325 615 2395 pronora
632 2305 788 2372 mutanda
807 2317 915 2372 actum
932 2317 989 2373 est.

364 2422 536 2491 Curatores
551 2421 649 2506 enirn,
668 2443 860 2510 persuasum
876 2422 1031 2491 habentes
1050 2424 1303 2493 aemulationem
1320 2427 1385 2516 pri-

319 2540 380 2607 mis
400 2539 440 2606 ad
461 2538 651 2606 discendum
668 2537 799 2605 excitari
819 2560 950 2627 pueros,
973 2539 1107 2629 praemia
1127 2542 1327 2630 amplissima
1344 2543 1385 2610 iis

319 2657 352 2724 in
364 2656 671 2746 medioposuerunt.
689 2655 800 2743 ltaque
810 2676 875 2722 non
887 2657 991 2723 solum
1005 2657 1131 2740 hecout
1139 2657 1231 2741 solet,
1242 2669 1385 2727 extremo

320 2772 574 2855 scholaticum,
595 2772 650 2839 sed
673 2771 768 2838 etiam
791 2783 861 2860 post
882 2771 1086 2840 Nativitatem
1108 2774 1156 2841 rel
1176 2774 1329 2842 Pascham
1352 2776 1386 2842 in

320 2887 460 2976 Collegio
481 2909 591 2956 coram
613 2886 823 2955 [iuratoribus
847 2889 1038 2979 cunctisque
1055 2890 1256 2958 scholasticis
1275 2891 1385 2960 distri-

319 3003 538 3072 huehantur1.
555 3003 632 3082 Quae
649 3003 781 3092 quidem
799 3005 944 3093 prolecto
961 3005 1035 3072 rilia
1054 3007 1137 3073 facta
1153 3026 1219 3074 non
1236 3007 1387 3076 ridentur

320 3123 360 3189 ad
384 3121 490 3189 studia
511 3119 698 3204 reficienda,
711 3119 779 3208 jam
795 3121 835 3188 ad
854 3121 989 3188 inferius
1009 3123 1172 3212 prolapsa,
1188 3123 1384 3212 profuisse².

320 3240 444 3308 Nostrae
463 3249 606 3306 ceterum
627 3237 763 3305 civitatis
781 3237 951 3327 proprium
974 3239 1035 3305 suit
1052 3239 1213 3308 discentes
1235 3240 1275 3307 ad
1296 3241 1386 3308 laho-

321 3358 460 3426 randum
480 3355 531 3424 'ita
556 3356 734 3446 impellere,
760 3379 835 3424 nam
854 3357 1063 3444 magistratus
1083 3357 1298 3447 municipales
1317 3358 1386 3446 jam

321 3487 390 3542 tum
407 3475 469 3563 ipsi
490 3495 528 3541 eo
547 3474 678 3541 adducti
699 3486 773 3541 sunt
795 3486 830 3541 ut
847 3474 990 3564 praemiis
1009 3496 1124 3564 parvas
1141 3475 1267 3543 scholas
1284 3475 1388 3543 dona-

321 3591 426 3659 rcnt³.

359 3823 383 3873 t.
400 3817 480 3871 Aah.
498 3818 562 3888 Dc'p
579 3818 613 3870 D.
628 3822 654 3872 8.

358 3917 384 3966 ’2.
400 3915 434 3969 l'.
451 3913 577 3982 Rolland,
592 3916 699 3969 lterrtrr'l
714 3915 758 3968 dra
774 3915 900 3978 tlltrrres,
915 3932 943 3985 p.
962 3919 1021 3968 lah.

358 4016 385 4069 3.
400 4012 486 4067 Arrh.
503 4014 577 4068 Corn.
595 4013 653 4065 ΒΡ).
670 4017 713 4075 98,
730 4013 748 4066 i.
766 4017 809 4079 tt,
825 4015 842 4065 4
857 4018 923 4069 aodl
940 4017 1026 4067 1788:

359 4133 373 4160 «ι
394 4112 461 4166 llll.
481 4110 592 4166 Saladin
612 4111 931 4181 etteuvre‚e'ct1evins,
951 4111 1152 4166 commissaires
1172 4129 1229 4167 aux
1247 4111 1335 4166 ecoles
1354 4112 1388 4166 de

324 4209 436 4269 charite.
449 4217 496 4264 ont
512 4210 550 4264 dit
566 4228 619 4282 que
634 4227 702 4282 pour
716 4209 818 4264 exciter
832 4209 996 4266 l'emulation
1011 4210 1060 4264 des
1075 4209 1187 4264 ecoliers
1200 4209 1249 4282 qui
1263 4209 1389 4282 frequen-
