3094 5100
641 610 837 667 267»

182 817 184 822 .
227 789 240 831 n
266 766 385 848 Qantre
401 757 542 855 spbiiesj
561 787 626 851 ane
646 764 795 834 machine
811 752 1053 854 pneumatique,
1075 769 1143 854 sept
1162 752 1242 834 rioi-

179 884 296 971 pients,
314 905 361 950 an
381 890 472 950 antro
486 883 639 972 recipient
655 905 738 972 ponc
753 883 958 971 t’eape'rience
976 883 1021 950 dcc
1037 903 1096 950 san
1115 884 1197 966 dans
1217 885 1245 951 te

180 1002 263 1084 uide,
278 1023 342 1068 carce
358 1002 506 1068 machine
516 1002 697 1090 ‘electriqna
713 1009 780 1090 sept
795 1008 896 1068 cortes
914 1001 1149 1090 anatomiqnes,
1166 1002 1245 1069 trois

179 1117 342 1203 fontaines
351 1117 1242 1206 manuaises,desmarbrosdelltaqdebonrq,anepompe,

182 1235 215 1300 ta
233 1235 289 1301 ais·
301 1233 536 1317 d'Arcbimede,
558 1256 605 1302 nn
624 1235 762 1322 optiqne,
784 1229 830 1301 an
852 1234 979 1300 aimant
999 1236 1127 1302 natccret
1152 1242 1181 1302 et
1199 1256 1245 1302 ctn

182 1351 342 1438 artificiet,
360 1359 388 1418 et
401 1351 566 1440 plusieurs
580 1350 666 1438 ficies
675 1372 758 1439 ponc
772 1353 816 1418 tes
827 1351 1023 1440 capirienccs
1039 1353 1092 1419 des
1107 1353 1246 1438 ferment·

181 1467 312 1552 tatians,
318 1453 482 1556 plusieurs
491 1469 653 1556 e'otipptes,
658 1469 823 1557 plusieurs
828 1468 978 1557 prismes,
986 1469 1150 1557 pinciana
1161 1470 1248 1538 tabes
1261 1461 1264 1468 ¹

183 1593 211 1652 ct
223 1585 358 1673 siplmns
369 1584 392 1651 ¹.
410 1612 423 1644 s

228 1703 470 1771 Fatendum-est
486 1724 586 1792 prope
604 1703 716 1771 eodem
732 1715 875 1792 tempore
892 1703 926 1770 in
941 1703 1091 1772 omnibus
1107 1704 1248 1791 collegiis

183 1819 348 1910 physicam
377 1805 437 1887 ista
470 1819 594 1887 ratione
622 1820 787 1888 memoriae
816 1799 1079 1888 adolescentium
1099 1801 1249 1888 traditam

186 1949 254 2005 esse
270 1935 294 2003 ².
318 1938 465 2003 Attamen
489 1937 586 2024 paulo
616 1948 701 2024 post,
734 1948 865 2004 acietors
894 1947 925 2004 et
951 1936 1081 2026 auspice
1108 1937 1249 2025 quadam

185 2051 351 2140 magistro,
379 2052 431 2120 eui
456 2072 546 2120 mens
572 2051 674 2119 libera
698 2052 891 2142 curiosaque
918 2063 998 2152 erat,
1024 2051 1171 2120 doctrina
1196 2052 1249 2120 illa

186 2169 284 2237 crevit
296 2167 438 2255 etmagis
451 2168 618 2257 magisque
631 2168 851 2256 processisset,
866 2170 927 2237 nisi
941 2171 1041 2237 multa
1055 2171 1173 2260 saepius
1189 2171 1249 2236 im-

185 2282 514 2382 pedivissentdbbas
531 2283 618 2350 enim
635 2283 802 2368 Buranun,
818 2307 932 2373 quum,
950 2307 1034 2354 anno
1050 2285 1250 2353 ttutttxtt

186 2402 349 2490 professor
373 2399 571 2487 designatus,
599 2399 780 2468 diutissime
805 2402 936 2469 alternis
961 2402 1097 2486 vicibus,
1126 2415 1161 2470 ut
1181 2423 1250 2470 mos

187 2528 267 2600 erat,
290 2517 426 2604 logicam
452 2515 683 2606 physicamque
706 2517 923 2608 praecepisset,
952 2519 1092 2608 physicae
1119 2519 1251 2586 demum

187 2635 274 2703 solus
299 2633 492 2724 praepositus
524 2621 612 2699 omni
638 2655 736 2721 opera
767 2634 905 2701 intendit
938 2646 974 2701 ut
995 2635 1138 2729 studium
1172 2634 1251 2703 illud

187 2765 342 2840 prospere
360 2749 557 2818 succederet.
574 2748 685 2837 ltaque
699 2750 876 2818 identidem
891 2751 1032 2840 aliquam
1046 2752 1217 2841 pecuniam
1235 2775 1253 2819 a

189 2867 399 2936 (iuratoribus
421 2868 461 2935 ad
484 2869 699 2936 instrumenta
719 2869 867 2955 augenda
888 2867 1082 2957 impetravit.
1109 2868 1253 2957 lienique

189 2984 255 3053 duo
285 2985 425 3052 armaria
453 3006 559 3053 entare
586 2985 615 3052 ei
641 2984 695 3074 jus
725 2984 798 3068 luit,
826 2984 945 3074 quibus
971 2985 1191 3052 contineretur
1220 2985 1253 3052 id

189 3100 354 3170 modicum
374 3102 592 3191 suppellectile
602 3102 626 3168 ³.
650 3101 710 3169 Sed
734 3101 889 3169 Rarunuu
910 3123 987 3191 opes
1007 3101 1138 3188 exiguas
1158 3102 1254 3168 sedu-

189 3219 277 3286 litate
291 3218 547 3308 proficiendique
558 3238 680 3302 armore,
695 3218 892 3306 temporibus
907 3217 970 3285 illis
980 3217 1112 3305 insigni,
1129 3217 1257 3285 videtur

190 3334 384 3424 pensarisse.
411 3335 518 3414 Otium
542 3335 630 3403 enim
657 3334 812 3402 Picardiac
842 3345 1035 3423 procurator
1061 3332 1254 3400 ambianum

192 3435 408 3524 arc'essivisset
438 3475 451 3515 o
485 3433 696 3518 Ptanuuriua
720 3460 750 3518 et
774 3448 894 3532 Cabur,
923 3459 957 3515 ut
984 3447 1146 3537 quomodo
1171 3459 1257 3515 recte

191 3568 286 3658 panis
299 3568 404 3636 bonus
418 3567 612 3657 saluberquc
627 3566 742 3634 confici
760 3576 867 3655 posset
882 3565 1044 3631 frumento
1063 3564 1111 3631 vel
1127 3563 1262 3630 madido>

192 3684 438 3775 'germinatoque
453 3669 730 3752 demonstraretur
750 3705 778 3767 r,
799 3680 1044 3748 adoratoribus
1064 3679 1203 3748 obtinuit
1223 3689 1259 3746 ut

201 3961 207 3974 s
230 3906 255 3958 1.
271 3901 476 3958 Procas-verbal
489 3901 537 3958 fait
552 3919 587 3968 uu
603 3900 709 3972 Collige
724 3898 875 3988 d'Amiens,
891 3901 1035 3954 11111762.

230 4005 256 4058 2.
274 4001 315 4058 Cl.
332 4003 424 4071 Carre‘,
441 4002 668 4073 t'Enseiqnement
681 4000 838 4054 secondaire
852 4002 869 4054 t
884 4001 989 4071 Troyes,
1005 4015 1032 4070 p.
1046 4001 1108 4053 250.
1138 4033 1148 4050 .

231 4101 256 4152 3.
273 4099 353 4158 Arclt.
370 4101 435 4171 lttp.
451 4099 485 4154 D.
498 4098 557 4156 3.'f'.
574 4098 709 4167 1211149,
726 4096 984 4166 maledicentia
1000 4099 1079 4164 1778,
1096 4098 1131 4154 111
1143 4091 1260 4165 janvisr,

195 4197 406 4270 tjuittatraa.
469 4213 481 4250 ,¹
538 4207 540 4214 ’
611 4201 614 4208 “
