3094 5100
631 592 772 651 -65...

172 748 465 839 enim'Princip'alis
477 747 623 818 ac‘nemo
637 769 703 816 non
720 739 884 838 prole'ss'or
895 743 1137 814 decoctoribus
1152 739 1237 813 a'nno

171 867 318 958 proximo
328 866 472 954 legendis
484 865 758 954 explanandisque
772 863 1015 931 consentiebant
1024 873 1071 945 nt,
1081 883 1117 929 ex
1130 861 1239 929 tabula

171 985 254 1074 typis
278 983 444 1067 mandata,
468 1006 484 1048 <r
508 981 696 1050 scholastici.
714 981 785 1049 illos
808 979 882 1063 sibi,
904 990 940 1047 ut
960 975 1238 1068 placeret,'und'e-

173 1121 302 1189 eunqne
314 1110 465 1190 pararent
479 1099 489 1140 1
506 1124 534 1165 tt.
552 1097 741 1187 Principalis
757 1096 858 1184 igitur
871 1117 936 1164 non
949 1117 987 1164 ex
1000 1085 1090 1164 libris
1103 1096 1239 1164 venditis

171 1217 301 1286 lucrum
311 1215 462 1284 saciabat.
474 1214 580 1294 Quum
592 1224 713 1298 alitem,
728 1213 836 1295 credo,
847 1224 1008 1302 parentes,
1019 1212 1103 1281 sicut
1115 1211 1237 1296 nnnc²,

173 1359 190 1396 a
212 1333 252 1401 de
271 1332 374 1400 nimia
397 1331 544 1420 impensa
562 1331 721 1398 librorum
740 1327 951 1397 emendorum
975 1350 991 1394 a
1012 1341 1238 1418 quererentur,

173 1449 307 1538 insuper
322 1448 465 1517 edictum
481 1458 527 1515 est
544 1458 580 1514 ut
600 1447 716 1515 horum
736 1445 832 1514 index
847 1445 1058 1514 immutabilis
1077 1445 1111 1512 in
1128 1445 1240 1535 quavis

174 1566 274 1633 classe
296 1563 592 1654 proscriberetur&
670 1563 672 1568 '

218 1680 368 1760 Quamvis
401 1678 606 1769 potissimum
641 1679 814 1769 scriptores
844 1679 977 1764 latinos,
1009 1701 1047 1748 ex
1075 1701 1177 1765 more,
1208 1672 1242 1747 in

174 1795 314 1884 Collegio
332 1795 542 1864 Ambianensi
558 1817 577 1862 a
594 1795 762 1886 discipulis
780 1817 930 1864 excussos
947 1817 1015 1864 esse
1034 1797 1242 1864 manifestum

175 1913 227 1996 sit,
243 1912 350 1982 studio
363 1912 482 2000 linguae
495 1933 609 2000 graecae
622 1912 811 2001 galliciaeque
823 1912 945 2002 aliquid
962 1907 1117 2002 temporis
1130 1914 1241 1986 datum
1321 1932 1323 1938 ’

175 2050 244 2098 esse
269 2039 414 2119 apparel.
444 2028 490 2096 Ne
516 2027 776 2096 exercitationem
806 2029 971 2118 publicam
997 2051 1097 2120 supra
1123 2029 1240 2098 dictam
1296 2117 1298 2123 Ι

175 2166 366 2229 memorem,
388 2145 503 2234 inqua
521 2155 633 2212 noster
653 2165 759 2212 sermo
779 2155 868 2213 tanto
888 2146 1011 2214 bonore
1031 2146 1159 2214 babitus
1181 2158 1240 2232 est,

174 2283 299 2350 graecus
326 2272 433 2328 autem
462 2260 594 2328 omnino
624 2261 724 2345 siluit,
753 2282 789 2328 en
816 2261 960 2352 praemiis
989 2273 1131 2331 extremo
1158 2285 1243 2332 anno

175 2376 355 2446 distributis
369 2399 441 2466 quae
454 2377 576 2444 fuerint
590 2377 834 2446 exercitationes
849 2379 975 2446 usitatae
987 2380 1143 2447 noscitur.
1160 2381 1244 2447 Prae-

178 2506 325 2584 terquam
342 2493 428 2562 enim
446 2494 533 2583 quod
557 2493 590 2560 in
609 2493 746 2561 latinum
772 2487 1095 2583 vertebatur'gallica
1118 2497 1242 2585 lingua,

176 2611 275 2679 latina
292 2611 326 2677 in
343 2609 507 2698 gallicum,
525 2631 636 2708 uersus
653 2610 926 2701 amplificatioque
942 2612 1040 2680 latine
1058 2613 1244 2681 scribeban-

178 2720 242 2812 tur,
264 2747 369 2816 graeca
389 2724 499 2814 lingua
520 2725 616 2794 etiam
637 2727 671 2794 in
691 2727 841 2814 gallicum
865 2729 1032 2797 transferri
1055 2739 1085 2797 el
1105 2729 1253 2819 amplifi-.

178 2843 260 2912 catio
279 2863 428 2913 sermone
448 2854 558 2912 nostro
578 2842 693 2912 confici
713 2844 835 2912 solebat
849 2843 872 2914 4.

221 2960 298 3040 Quis
315 2971 423 3028 autom
441 2980 506 3029 non
523 2959 619 3028 bodie
633 2939 773 3029 miretur
789 2983 826 3030 ex
844 2962 904 3030 bac
921 2962 1017 3050 longa
1033 2963 1244 3053 praemiorum

214 3173 239 3224 r.
255 3169 336 3226 Arcu.
353 3172 417 3243 nep.
439 3169 473 3224 u.
490 3172 516 3226 3.
533 3170 552 3225 r.
570 3173 612 3238 ro,
629 3136 844 3227 nrevrierraerss

213 3272 238 3324 2.
256 3268 298 3326 Cf.
314 3268 339 3324 la
349 3267 489 3324 circuleire
500 3268 537 3324 du
551 3267 677 3326 Ministre
691 3270 725 3325 de
735 3268 923 3325 l'lnstruotion
938 3269 1079 3342 publique,
1092 3270 1128 3325 du
1140 3274 1172 3326 23
1183 3269 1245 3342 juin

179 3362 259 3416 1897.

213 3460 239 3512 3.
257 3457 336 3513 Arclt.
353 3459 418 3530 nep.
436 3457 470 3514 D.
489 3460 515 3513 3.
531 3457 550 3514 f.
567 3461 611 3527 bl,
630 3463 645 3514 7
660 3457 728 3514 avril
744 3460 823 3516 1669.

186 3631 189 3638 ¹
213 3558 240 3612 4.
257 3556 371 3628 Afficbes
391 3557 423 3612 de
439 3556 611 3622 Picardie,l
631 3557 783 3630 septembre
804 3560 882 3612 1784.
904 3555 1088 3614 Distribution
1104 3557 1152 3612 des
1168 3554 1245 3626 Prix,

179 3648 194 3700 3
210 3649 295 3700 aaut:

136 3788 139 3794 .
186 3728 190 3736 ⁴
215 3733 1246 3810 Rhetorique.—Sagessabmplifiealionlatine,Amplificationfranceise,

179 3821 306 3894 Version,
321 3825 399 3894 Vers,
416 3825 532 3882 Version
549 3843 677 3899 grecque,
694 3824 832 3883 Memoire.

216 3914 338 3970 Seconde
353 3920 379 3970 et
394 3913 551 3971 Troisieme.
568 3947 602 3958 -
621 3915 748 3988 Segesse,
766 3916 876 3986 Tbbme,
892 3915 1020 3988 Version,
1035 3915 1114 3987 Vers,
1130 3914 1246 3973 Version

180 4021 309 4078 grecque,
325 4003 464 4061 lllemoire.
1260 4000 1263 4009 '

217 4093 381 4161 Quatrieme.
396 4125 431 4138 -
447 4095 576 4169 Segesse,
590 4095 700 4166 Thema,
716 4094 842 4166 Version,
859 4097 938 4166 Vere,
955 4096 1094 4154 Memoire.

216 4182 377 4255 Cinquieme
391 4190 419 4242 et
433 4182 563 4244 Sixieme.
581 4217 612 4226 -
631 4185 760 4258 Segesse,
777 4186 887 4256 Thema,
904 4185 1030 4258 Version,
1047 4187 1186 4246 Memoire.

1125 4302 1141 4356 b
