3094 5100
783 607 924 666 ..80...

313 762 467 833 continuo
489 763 653 850 fatigatus
676 762 823 852 quamvis
851 764 948 853 paulo
971 774 1045 831 anta
1071 764 1237 854 petivisset
1267 777 1306 833 nt
1333 787 1399 856 per

314 881 458 970 quinque
482 901 584 949 annos
608 880 776 970 provincia
800 879 861 948 sibi
887 891 1131 970 prorogaretur,
1162 903 1233 950 eam
1265 883 1397 951 remisit

311 999 549 1088 pecuniamque
568 1017 708 1064 annuam
726 997 880 1066 emeritus
891 997 966 1086 jure
986 998 1128 1067 obtinuit
1140 999 1163 1065 ¹.

357 1126 537 1214 Antequam
565 1122 736 1192 Curatores
761 1123 915 1212 juberent
942 1124 1008 1192 duo
1033 1125 1204 1213 magistros
1229 1147 1294 1194 non
1323 1127 1392 1217 jam

315 1241 446 1310 alternis
461 1240 584 1308 vicibus
601 1239 838 1334 philosophiam
855 1259 979 1328 regere,
998 1242 1247 1332 quodquidam,
1263 1243 1295 1310 id
1312 1255 1392 1312 tem·

314 1358 402 1449 poris
419 1358 630 1440 serenorum,
647 1355 680 1422 in
700 1353 912 1425 Universitate
931 1357 1104 1426 Parisiensi
1121 1379 1207 1446 aegre
1226 1368 1389 1428 tentatum

315 1473 418 1559 erat2,
444 1471 555 1557 iidem,
584 1472 687 1541 secuti
713 1472 867 1541 Romano
890 1495 927 1541 ac
956 1474 1088 1542 Gurron
1118 1495 1159 1542 nn
1185 1475 1346 1544 llonvnnu
1360 1477 1387 1561 ³,

314 1602 492 1660 statuerant
523 1601 559 1658 ut
588 1601 652 1658 tres
678 1589 823 1676 magistri
850 1589 988 1658 vicissim
1019 1602 1153 1674 sextam,
1179 1591 1327 1681 quintam
1355 1603 1390 1661 et

314 1720 462 1796 quartam
475 1717 633 1794 regerent.
647 1705 691 1774 lle
701 1727 765 1794 qua
775 1727 809 1774 re
822 1726 909 1774 nunc
919 1705 1034 1774 lrodie⁴
1043 1707 1161 1776 acriter
1171 1708 1385 1799 disceptatur.

312 1823 374 1891 Sed
402 1823 495 1891 nobis
527 1822 654 1890 videtur
682 1823 766 1890 hanc
793 1833 932 1891 veterem
965 1823 1215 1892 controversiam
1248 1824 1386 1892 minoris

313 1936 468 2007 momenti
491 1959 560 2007 essa
583 1959 680 2028 qoam
709 1950 745 2006 nt
771 1949 838 2006 tam
862 1938 999 2007 curiosis
1025 1939 1127 2008 oculis
1152 1939 1382 2030 perspiciatur.

312 2055 477 2145 Quidquid
509 2055 596 2123 enim
626 2053 744 2140 egeris
775 2054 898 2144 aliquid
928 2055 1114 2124 detrimenti
1143 2057 1191 2125 vel
1222 2057 1384 2125 commodi

313 2170 430 2240 studiis
448 2171 580 2254 inlereS,
602 2192 662 2239 nec
682 2171 774 2239 facile
795 2170 1007 2261 perpenderis
1031 2183 1140 2240 utrum
1160 2172 1261 2241 satius
1282 2173 1322 2241 sit
1342 2173 1384 2240 ab

313 2289 425 2356 eodem
448 2287 603 2376 magistro
622 2287 799 2377 discipulos
820 2310 879 2377 per
901 2289 1076 2356 triennium
1098 2289 1244 2373 educari,
1268 2311 1381 2359 necne.

357 2415 528 2484 Curatores
542 2436 615 2483 vero
631 2414 762 2503 Collegii
779 2416 953 2504 sperabant
972 2443 985 2479 1
1007 2417 1076 2484 fore
1090 2428 1125 2483 ut
1140 2417 1294 2505 magister
1306 2438 1383 2507 pro-

312 2517 449 2601 lassione
466 2543 622 2622 perpetua
638 2532 712 2620 plus
727 2531 874 2619 polleret,
894 2532 1015 2622 quippe
1032 2533 1088 2622 qui
1105 2533 1220 2601 melius
1236 2544 1384 2602 nosceret

312 2649 479 2736 ingenium
498 2647 816 2737 intellegentiamque
838 2648 1086 2738 discipulorum,
1113 2660 1210 2739 atque
1231 2649 1383 2739 discipuli

312 2763 387 2853 ipsi,
400 2764 565 2834 mutandae
576 2763 710 2832 rationis
725 2785 744 2831 a
756 2785 838 2832 novo
851 2765 1006 2852 magistro
1020 2765 1227 2833 instituendae
1244 2765 1382 2856 periculi

312 2891 469 2970 expertas,
492 2879 524 2947 in
542 2865 657 2948 studiis
677 2879 777 2947 tutius
794 2880 955 2971 citiusque
970 2881 1166 2971 proficerent
1186 2905 1215 2948 a.
1238 2881 1334 2965 Quid,
1354 2881 1383 2948 si

311 2997 465 3084 magistro
483 2995 633 3087 imperito
651 2997 699 3064 vel
721 2996 905 3086 neglegenti
925 3008 990 3065 tres
1013 3018 1113 3066 annos
1130 2997 1267 3088 obsequi
1283 3017 1381 3085 coge·
1404 3005 1408 3012 '

312 3115 451 3183 rentur‘l
473 3113 654 3202 lliscipulos
679 3124 787 3180 autem
808 3114 856 3180 vel
872 3113 982 3204 pigros
1003 3115 1051 3182 vel
1073 3114 1195 3199 tardos,
1214 3114 1247 3181 in
1268 3114 1381 3182 eadem

311 3231 411 3299 classe
428 3239 648 3314 manentes‚·r
664 3228 793 3319 juvaret
812 3230 898 3319 quod
915 3229 1014 3297 alium
1032 3230 1147 3298 ducam
1165 3241 1379 3316 sectarentur,

312 3347 364 3415 cui
389 3368 449 3414 nec
468 3356 696 3436 praeoccupato
717 3366 777 3414 nec
799 3345 985 3434 objurganti
1007 3346 1104 3415 fidem
1128 3347 1285 3416 haberent
1310 3369 1380 3416 cer-

310 3463 425 3531 tiorem
460 3487 489 3530 ».
518 3463 600 3532 Num
630 3461 731 3551 igitur
751 3462 919 3548 dehemus,
942 3473 979 3531 ut
1006 3462 1190 3549 Curatores,
1220 3463 1381 3553 suspicari

346 3685 740 3758 indempnatos,
756 3688 816 3754 rsa,
832 3689 864 3742 ra
876 3661 1378 3758 ι1101110110,1201111110111181.

346 3799 372 3850 2.
390 3794 422 3852 V.
440 3793 553 3864 Grdard,
569 3811 611 3865 op.
626 3793 685 3863 cit„
701 3798 721 3848 t.
739 3793 775 3862 11,
791 3810 818 3865 p.
836 3796 880 3850 10.

346 3897 372 3950 3.
386 3891 427 3950 Cf.
439 3891 566 3960 Rolland‚
579 3891 686 3948 Recucil
695 3892 740 3946 des
750 3892 877 3957 OEuores,
886 3909 914 3965 p.
926 3896 1057 3962 101-137;
1070 3891 1181 3967 Guyton
1192 3894 1226 3950 de
1236 3893 1378 3964 Morveau‚

308 3991 435 4047 thoira
451 4005 500 4044 cnr
514 3989 684 4044 l’Edccutc'on
695 3988 836 4060 pullique,
852 4006 879 4062 p.
897 3993 930 4045 01
946 3996 972 4045 et
987 4008 1029 4062 sq.
1522 3981 1523 4057 l

343 4099 370 4154 4.
379 4095 413 4152 V.
422 4094 875 4166 lunseqnemeotsecondatrc,ate
887 4099 984 4165 annea,
996 4106 1027 4151 n⁰
1038 4101 1081 4167 17,
1092 4095 1377 4167 tensamentum,

308 4198 355 4250 228
371 4195 468 4265 annde,
485 4202 517 4249 n⁰
532 4198 576 4263 10,
593 4197 626 4250 15
640 4192 693 4250 mai
710 4197 789 4254 1901.
