3094 5100
667 648 806 702 „87-

128 785 130 792 ’
205 803 282 871 laris
302 803 349 870 vel
369 801 548 890 alienigena
569 820 606 869 ex
630 822 668 868 eo
691 801 742 869 die
767 822 885 891 pueros
909 800 1072 869 instituit:
1093 822 1165 890 quo
1186 800 1267 868 nihil

205 919 321 987 melius
336 919 368 985 in
385 919 481 987 rebus
498 931 562 986 tam
578 918 685 986 dubiis
701 918 878 1007 optandum
895 929 976 986 erat.

249 1035 395 1104 Scientiae
407 1046 527 1118 antem,
542 1034 861 1102 utlitterasomittam
873 1055 1043 1124 semperex
1054 1055 1143 1103 more
1153 1034 1267 1103 codem

205 1152 440 1241 propemodum
457 1150 601 1235 traditae,
621 1151 880 1219 mathematicam
895 1151 967 1219 dico
982 1163 1013 1218 et
1033 1152 1265 1234 mechanicam,

205 1268 363 1358 chymiam
382 1268 624 1358 physicamque,
640 1289 725 1356 quae,
745 1267 863 1333 mirum
878 1267 911 1333 in
926 1267 1058 1334 modum
1074 1287 1265 1356 progressae,

204 1384 414 1452 institutionis
427 1384 565 1473 publicae
578 1405 652 1473 pars
665 1383 839 1473 conspicua
853 1384 1099 1472 necessariaque
1112 1384 1267 1473 paulatim

205 1501 335 1584 liobam,
353 1521 435 1567 nova
457 1500 581 1567 ratione
599 1520 812 1589 sermoneque
831 1511 943 1568 nostro
963 1500 1151 1589 aliquandiu
1169 1500 1267 1568 bene-

205 1616 281 1685 volis
298 1616 501 1684 auditoribus
519 1617 615 1683 simul
632 1639 668 1684 ac
684 1617 782 1684 meris
797 1616 964 1706 discipulis
978 1628 1164 1685 monstratae
1179 1628 1265 1700 sunt,

205 1733 415 1802 Curatoribus
434 1733 633 1822 auspicibus
656 1733 700 1801 ita
720 1745 754 1800 ut
773 1733 932 1802 institutio
953 1734 1102 1822 quaedam
1120 1734 1268 1823 specialis

205 1849 347 1918 modeste
372 1850 522 1918 inchoata
545 1849 598 1933 sit,
625 1872 689 1939 qua
710 1850 816 1917 aditus
840 1850 880 1918 ad
907 1862 991 1917 artes
1012 1849 1127 1934 varias,
1150 1850 1268 1938 quibus

205 1966 390 2034 exercendis
401 1987 464 2034 non
478 1966 593 2034 studiis
605 1966 791 2034 liberalibus
805 1987 885 2056 opus
899 1976 958 2049 est,
970 1965 1038 2054 jam
1052 1977 1118 2033 tum
1131 1978 1266 2055 pateret.

206 2081 320 2150 Civitas
340 2104 426 2166 vero,
449 2095 483 2149 ut
502 2083 629 2171 opinor,
655 2082 681 2149 si
701 2081 878 2170 Collegium
899 2083 1056 2152 arbitratu
1080 2103 1139 2150 suo
1157 2103 1268 2170 regere

205 2199 372 2289 potuisset,
390 2211 487 2267 totam
501 2199 705 2288 disciplinam
721 2199 755 2264 in
768 2199 883 2266 melius
897 2199 1094 2266 mutavisset.
1113 2199 1168 2265 llla
1181 2198 1267 2265 enirn

205 2315 360 2383 sentiebat
377 2315 420 2381 ita
436 2315 530 2382 utiles
548 2315 588 2381 ad
608 2327 824 2383 mercaturam
842 2314 1100 2404 amplificandam
1119 2315 1187 2382 fore
1206 2314 1268 2380 lin-

204 2451 283 2519 guas
301 2443 436 2513 exteras,
453 2431 683 2518 germanicam,
700 2431 900 2518 anglicanam
918 2431 1142 2519 batavamque
1160 2431 1196 2498 ut
1215 2452 1268 2498 eas

205 2548 312 2615 doceri
338 2548 544 2616 scholasticos
572 2559 716 2638 cuperet.
741 2547 773 2615 Si
798 2547 897 2634 igitur
918 2547 1060 2616 scientiis
1083 2546 1268 2635 linguisque

205 2664 319 2731 exteris
333 2663 500 2731 historiam
516 2664 823 2753 geographiamque,
838 2685 917 2752 quas
930 2663 1051 2752 pariter
1063 2663 1269 2751 magistratus

205 2780 416 2869 municipales
441 2780 676 2869 praecipiendae
700 2781 884 2863 censebant,
909 2791 1100 2869 partemque
1125 2781 1267 2869 philoso-

205 2897 288 2985 phiae
302 2896 468 2978 moralem,
481 2896 513 2962 in
527 2897 668 2984 collegiis
680 2895 874 2984 jamdudum
890 2896 1052 2978 usitatam,
1071 2918 1108 2964 ac
1124 2896 1267 2983 linguam

204 3012 352 3099 gallicam
375 3011 496 3079 diutius
520 3013 696 3098 neglectam
718 3012 915 3100 adjunxeris,
939 3012 1150 3081 institutionis
1167 3012 1265 3096 illiue,

204 3150 302 3217 quam
318 3137 478 3200 recentem
498 3149 603 3217 nuper
620 3129 813 3212 locavimus,
830 3151 991 3197 summam
1011 3129 1165 3198 invenies.

248 3245 339 3323 Quod
354 3256 462 3312 antem
480 3245 521 3311 ad
534 3246 757 3314 educationem
774 3247 876 3335 ipsam
893 3247 1162 3335 disciplinamque
1177 3246 1259 3313 colle

203 3360 329 3446 giorum
347 3360 533 3428 interiorem
551 3361 675 3444 attinet,
690 3383 762 3450 quae
775 3362 1034 3429 duodevicesimo
1051 3364 1168 3430 saeculo
1183 3362 1267 3449 vige-

203 3476 292 3559 bant,
317 3477 396 3542 nihil
418 3498 455 3544 en
482 3477 520 3544 iis
543 3479 609 3545 lere
637 3479 827 3545 mutandum
856 3479 955 3546 luisse
979 3479 1131 3561 arbitror,
1153 3478 1214 3546 nisi
1235 3491 1268 3546 ut

204 3594 273 3662 sine
287 3606 434 3682 respectu
454 3595 617 3682 religionis
636 3597 781 3682 magistri
799 3597 1021 3686 discipulique
1031 3598 1064 3663 in
1080 3598 1134 3664 illa
1151 3597 1268 3664 admit-

204 3712 341 3780 tanturl.
354 3712 526 3780 Severitate
537 3714 622 3780 enim
637 3713 787 3801 aequabili
801 3714 987 3788 etiamnunc
1000 3716 1267 3784 scholasticorum

241 3931 264 3981 l.
283 3927 362 3983 Arclt.
381 3929 443 3998 llc'p.
461 3927 494 3982 D.
513 3931 538 3982 3.
555 3927 573 3983 l.
590 3931 616 3995 3,
633 3931 666 3979 22
681 3944 753 3982 mars
771 3929 854 3983 rma:
874 3928 1059 4002 atttgtement
1073 3947 1142 4002 pour
1152 3929 1177 3984 la
1187 3929 1268 3985 disci-

203 4024 275 4097 pline
290 4025 326 4078 du
343 4024 458 4095 Colldgr'.
476 4025 534 4080 Art.
551 4031 597 4081 l‘f.
610 4025 650 4080 On
668 4043 701 4079 ne
717 4043 816 4096 pourra
831 4027 950 4083 receuoir
964 4045 1033 4100 pour
1047 4029 1267 4084 demeurerdans

202 4125 226 4177 lc
239 4123 356 4195 Collige,
372 4127 388 4178 a
402 4123 519 4195 quelque
532 4123 594 4178 titre
609 4141 661 4195 que
676 4141 705 4178 ce
719 4124 781 4192 soit,
796 4143 848 4196 que
860 4145 929 4181 crux
942 4127 988 4200 qui
1003 4127 1059 4181 lont
1072 4127 1222 4198 protessiou
1234 4129 1267 4183 de

202 4221 228 4276 la
243 4220 355 4294 religion
372 4221 535 4294 calholique,
552 4221 721 4294 apostolique
737 4229 762 4277 et
777 4225 907 4280 romaine.
926 4248 939 4276 n
