3096 5088
740 596 882 656 „20-

277 751 364 836 lum,¹
366 749 434 841 jam
447 751 563 820 absens
573 764 687 842 sponte
698 774 758 820 sua
770 765 943 843 antequam
952 752 1084 820 lesuitae
1093 753 1341 842 expellerentur,

278 889 366 936 nunc
378 867 466 936 omni
479 889 536 958 spe
549 867 679 956 Collegii
694 891 755 958 pro
770 890 830 938 sua
844 879 935 958 parte
949 869 1082 956 regendi
1098 869 1230 954 amissa,
1246 870 1344 938 absti-

277 984 407 1068 nuerit;
429 984 485 1052 sed
508 984 570 1052 alia
587 1005 723 1074 corpora
741 1006 807 1053 nou
827 985 962 1053 decebat
983 985 1114 1072 vestigia
1133 985 1219 1054 illius
1235 987 1341 1074 sequi.

278 1100 372 1169 Haud
391 1103 493 1169 multo
508 1111 581 1190 post
601 1101 715 1168 iisdem
735 1101 989 1190 magistratibus
1011 1101 1067 1191 qui
1084 1103 1218 1191 praemia
1238 1103 1342 1171 doua-

277 1217 367 1302 bant,
381 1216 619 1308 postulantibus
633 1217 880 1308 utpraecipuum
896 1217 1088 1301 tribuerent,
1102 1218 1293 1309 Principalis
1307 1231 1344 1288 ut

277 1335 299 1401 ii
316 1346 491 1425 praeseutes
508 1334 771 1405 exercitationem
784 1346 951 1419 ornarent,
967 1335 1008 1403 de
1025 1355 1085 1403 suu
1097 1333 1173 1424 jure
1192 1335 1341 1421 decessit,

281 1479 295 1514 1
316 1473 354 1519 ea
368 1451 558 1521 condicione
574 1464 621 1536 ut,
640 1452 667 1519 si
682 1452 769 1541 quod
786 1451 912 1520 adesset
928 1473 1047 1542 corpus
1063 1452 1190 1542 corpori
1207 1451 1343 1522 civitatis

277 1569 482 1652 antecellens,
503 1568 591 1636 illius
606 1589 726 1657 praeses
747 1569 808 1636 boc
828 1589 963 1635 munere
980 1568 1193 1656 fungeretur¹
1215 1597 1245 1636 ».
1265 1568 1342 1648 0616

278 1706 329 1753 166
353 1685 436 1753 bene
461 1684 568 1767 vertit,
599 1679 748 1753 uidelicet
772 1684 859 1774 quod
885 1684 984 1752 ceteri
1006 1684 1137 1754 ordines
1165 1684 1342 1772 Collegium

277 1802 446 1889 neglegere
463 1821 529 1869 non
545 1800 750 1869 destiterunt.

322 1925 439 1995 Contra
462 1948 538 1995 rere
567 1925 678 1994 civitas
701 1926 956 1995 benevolentiam
985 1926 1147 2014 magistris
1174 1926 1342 1996 humanis·

278 2043 393 2112 simam
419 2043 580 2133 praestitit.
612 2043 764 2123 Quamvis
793 2043 878 2111 cuim
910 2043 949 2111 iis
981 2043 1208 2133 capitationem
1233 2056 1342 2133 porto·

279 2160 429 2251 riumque
443 2182 508 2230 non
524 2159 686 2242 remiserit
695 2158 721 2245 ²,
738 2159 822 2229 sicut
837 2170 931 2228 antea
946 2159 1091 2244 lesuitis,
1111 2159 1229 2228 iterum
1246 2171 1343 2250 atque

278 2277 409 2360 itemm,
429 2278 517 2346 velut
535 2277 669 2374 diversis
687 2277 881 2366 corporibus
899 2275 1190 2366 ecclesiasticisque
1207 2277 1343 2345 societa-

279 2393 377 2477 tibus,
387 2393 470 2461 mitti
484 2393 599 2462 iisdem
609 2393 719 2462 vinum
733 2414 793 2461 suo
804 2391 935 2460 nomine
944 2391 1055 2478 jussit,
1069 2404 1242 2482 propterea
1255 2392 1343 2482 quod

281 2537 295 2572 ι
321 2509 528 2597 magistratus
548 2509 760 2598 municipales
782 2496 978 2578 auctoritate
994 2530 1053 2576 sua
1073 2529 1138 2577 non
1158 2509 1274 2578 melius
1295 2508 1343 2576 uti

278 2635 410 2715 possent
422 2647 519 2715 quam
534 2638 570 2694 ut
582 2625 724 2694 virorum
739 2624 1115 2694 civitatiutiliumstudia
1126 2625 1341 2710 excitarent».

279 2742 336 2811 llis
345 2741 449 2810 verbis
462 2741 666 2833 potissimum
675 2764 712 2811 6ο
726 2754 871 2833 tempore
882 2741 1136 2830 designabantur
1144 2743 1344 2832 professores

280 2858 325 2926 illi
348 2857 404 2948 qui
430 2882 444 2923 1
471 2878 576 2946 nuper
600 2858 832 2927 convictorium
857 2879 975 2926 novum
996 2858 1103 2926 adbuc
1123 2857 1344 2927 desideratum

280 2973 509 3044 instituerant³
525 2999 553 3044 1.
661 3016 663 3022 ,

279 3199 332 3256 able
344 3216 413 3274 pour
427 3199 529 3256 exciter
542 3199 708 3256 l'emulation
719 3219 738 3273 y
748 3200 787 3257 ait
798 3199 912 3256 canduit
927 3217 934 3255 :
951 3200 1018 3257 c'est
1033 3218 1062 3256 ce
1077 3199 1172 3273 qu'elle
1187 3198 1232 3256 n'a
1243 3196 1344 3272 jamais

278 3298 326 3355 lait
341 3316 375 3354 en
390 3298 472 3372 pareil
487 3316 533 3354 cas
549 3315 617 3371 pour
635 3298 673 3354 les
689 3298 832 3358 ci-devaut
848 3298 1001 3354 soi-disens
1016 3298 1139 3374 je'suites.
1157 3319 1176 3350 1.

316 3402 340 3453 1.
357 3397 437 3454 Aret.
455 3400 529 3454 com.
546 3396 603 3452 ssss.
621 3401 664 3453 61.
681 3396 699 3454 f.
717 3401 761 3466 66,
779 3400 890 3466 11661
904 3396 991 3470 juillet
1006 3400 1085 3467 1161,
1109 3400 1143 3453 66
1160 3395 1247 3469 juillet
1264 3400 1343 3454 1168.

313 3499 341 3551 2.
356 3495 424 3551 lbid.
441 3495 498 3551 ΑΑ.
515 3499 558 3564 25,
575 3512 602 3568 p.
620 3498 663 3552 18.
679 3495 771 3550 Lettre
788 3498 804 3550 b
819 3495 857 3550 M.
873 3496 907 3550 de
922 3495 1075 3569 L'Averdy,
1091 3499 1107 3551 5
1123 3498 1283 3552 66611763.

314 3597 340 3650 3.
357 3594 424 3651 lbid.
442 3593 499 3650 BB.
516 3598 559 3649 91.
576 3593 595 3650 s.
612 3596 638 3662 6,
655 3598 670 3649 6
692 3593 834 3648 de'cembre
855 3597 922 3649 1765
940 3612 946 3649 :
964 3615 978 3644 11
998 3593 1088 3650 Ρ61611
1108 3610 1153 3648 666
1172 3593 1344 3667 prolesseurs

278 3691 327 3766 ily
342 3709 376 3748 en
390 3691 463 3748 avait
477 3691 524 3764 qui
539 3691 667 3748 venaicnt
679 3691 804 3748 d'e'tablir
819 3710 855 3748 un
869 3709 995 3749 nouveau
1007 3692 1191 3764 pensiounat;
1204 3691 1295 3748 c'etait
1305 3710 1344 3747 un

279 3789 484 3846 etablissement
498 3789 581 3862 qu'on
596 3789 671 3846 avait
683 3789 772 3845 desire'
785 3789 898 3863 jusqu'b
907 3793 1020 3862 present
1029 3808 1035 3858 ;
1045 3790 1084 3846 les
1094 3790 1204 3860 talents,
1217 3789 1256 3846 les
1267 3789 1345 3846 soius

279 3896 306 3946 et
320 3889 343 3945 le
358 3889 617 3945 desinteressement
631 3889 679 3944 des
688 3885 845 3944 auteursdu
854 3888 952 3944 nouvel
962 3887 1208 3972 e'tablissementeu
1217 3887 1345 3944 laisaient

280 3987 423 4044 concevoir
432 3989 574 4060 beaucoup
585 3987 775 4060 d'esperanoe;
788 3986 826 4042 les
835 3986 952 4044 olficiers
962 3986 1140 4060 municipaux
1152 4005 1186 4042 ne
1196 3985 1344 4060 pouvaient

279 4085 345 4144 ibice
361 4105 398 4144 un
413 4086 533 4143 meilleur
548 4103 634 4160 usage
649 4085 682 4140 de
696 4084 832 4141 l'autorite
844 4085 891 4159 qui
905 4085 964 4141 leur
978 4085 1045 4141 e‘tait
1056 4086 1159 4142 confre'e
1174 4085 1255 4159 qu'eu
1266 4083 1345 4140 l’em-

279 4185 394 4260 ployant
403 4188 419 4240 1
428 4201 597 4256 encourager
607 4201 675 4240 ceux
686 4183 733 4257 qui
743 4183 941 4239 cherebaientb
953 4201 983 4240 se
998 4184 1095 4239 rendre
1106 4184 1187 4240 utiles
1198 4188 1214 4239 b
1227 4182 1253 4239 16
1262 4181 1343 4238 cite.»
