3096 5088
653 615 793 671 ..13-

231 771 303 839 'Nec
315 791 352 840 ea
366 769 537 842 euimerat
556 787 628 860 quae
645 773 711 838 non
727 765 932 836 difficultates
949 767 1087 854 laturas,
1105 793 1120 832 c
1138 766 1258 858 quibus

194 887 438 975 diligentissime
459 887 638 955 cavendum
662 897 730 955 erat
756 913 788 968 s,
813 884 1024 974 prospiceret.
1047 884 1175 954 Scilicet
1193 908 1259 954 me-

195 1005 305 1073 tuebat
315 1026 356 1072 ne
369 1003 547 1093 Episcopus
564 1003 809 1092 capitulumque
823 1001 937 1070 litteris
950 1002 1047 1090 regiis
1060 1014 1126 1070 tam
1143 1003 1259 1093 cupide

194 1121 367 1210 expectatis
380 1121 573 1189 obsisterent
586 1119 815 1207 consignandis
828 1141 836 1202 ;
850 1140 909 1187 uec
922 1118 1030 1188 minus
1041 1139 1112 1187 eam
1123 1120 1260 1208 angebat

195 1237 282 1327 quod
299 1236 488 1305 Parisieusis
508 1236 718 1320 UnivcrsitaS,
736 1257 878 1326 quacum
899 1235 939 1303 de
957 1236 1171 1304 consociando
1192 1235 1259 1304 Col.-

194 1355 278 1443 legio
300 1355 468 1442 agebatur,
494 1382 508 1416 <l
531 1353 706 1443 quamdam
729 1353 954 1421 auctoritatem
978 1352 1159 1421 affectando
1178 1374 1259 1441 quo·

195 1471 397 1559 tieseumque
410 1491 460 1538 res
470 1471 658 1559 postularet,
675 1467 890 1557 Principalem
903 1469 1166 1557 professoresque
1178 1468 1259 1536 forte

196 1586 491 1676 uelletdesignarel
508 1611 536 1652 l.
552 1585 669 1653 Civitas
686 1585 772 1652 enim
788 1585 935 1668 Picarda,
948 1597 983 1652 ut
998 1581 1087 1668 olim,
1102 1585 1260 1654 libertatis
1309 1635 1312 1642 ·

196 1703 514 1792 immunitatiumque
538 1723 663 1785 amans,
687 1701 727 1768 ad
752 1700 944 1790 Collegium,
976 1699 1100 1769 tamdiu
1129 1702 1260 1770 lesuitis

197 1820 428 1903 condonatum,
454 1819 573 1886 iterum
601 1817 837 1907 capessendum
863 1817 1020 1886 beneficio
1045 1819 1182 1886 fortunae
1204 1841 1261 1886 usa

197 1927 279 2005 esset
302 1937 450 2005 libenter.
473 1936 586 2024 ltaque
608 1935 752 2024 primum
769 1934 942 2002 declaravit
966 1958 978 1998 r
1004 1955 1068 2002 non
1088 1935 1260 2003 immature

198 2053 368 2123 consilium
387 2052 519 2140 Collegii
537 2074 610 2120 cum
633 2051 846 2119 Universitate
868 2050 1073 2118 consociandi
1092 2051 1260 2140 perficien-

197 2170 288 2253 dum,
318 2192 377 2240 nec
404 2170 526 2238 litteras
551 2180 697 2258 patentes
722 2167 928 2256 expetendas,
956 2178 1129 2256 antequam
1157 2167 1262 2236 Parla-

198 2287 298 2354 meuti
321 2288 468 2356 voluntas
498 2295 742 2382 expromeretur
770 2311 800 2366 u,
835 2283 910 2350 dein
944 2296 1076 2372 repente
1105 2285 1261 2353 unanimo

197 2424 356 2476 consensu
370 2425 403 2470 se
421 2403 454 2470 in
477 2402 639 2471 consortio
652 2399 875 2468 Universitatis
892 2400 960 2468 lore
978 2401 1106 2488 negavit
1118 2399 1141 2466 2.
1161 2399 1261 2490 Cujus

197 2517 243 2586 rei
263 2517 373 2585 multis
390 2516 495 2584 verbis
514 2516 672 2583 rationem
693 2514 874 2597 ostentavit,
892 2514 924 2580 id
942 2526 1002 2596 est,
1024 2537 1057 2582 se
1078 2516 1155 2582 velle
1173 2515 1262 2604 juve·

197 2636 292 2703 nibus
311 2635 395 2702 bene
415 2633 595 2716 consulere,
618 2631 739 2720 quippe
764 2629 833 2718 qui,
854 2644 926 2720 post
946 2633 1207 2722 quinquennium
1228 2633 1261 2699 in

127 2831 129 2834 ,
198 2752 338 2840 Collegio
360 2750 569 2818 ambianensi
590 2758 770 2838 peractum,
800 2748 907 2815 studia
930 2771 989 2838 per
1012 2749 1093 2818 duos
1113 2770 1213 2816 annos
1232 2760 1263 2815 et

198 2869 274 2936 anni
291 2868 459 2935 dimidiam
478 2878 603 2955 partem
620 2864 884 2952 inUuiversitate
901 2865 1019 2934 iterare
1040 2866 1260 2956 nequidquam

198 2985 429 3074 fastidioseque
447 2995 640 3071 cogerentur
652 2983 676 3050 ³.
1202 2987 1207 2996 ”

244 3102 289 3169 Re
310 3114 418 3170 autem
436 3123 511 3170 vera
529 3101 639 3170 civitas
662 3100 933 3169 consociationem
954 3099 1047 3168 istam
1069 3099 1261 3190 repudiauit,

198 3240 239 3296 ne
257 3245 273 3282 a
296 3218 453 3288 serviliter
470 3219 530 3285 sub
547 3218 690 3285 alienum
711 3239 804 3286 asuo
817 3216 892 3306 jure
907 3216 1148 3306 privilegiisque
1165 3237 1263 3304 quam

236 3419 262 3470 l.
277 3415 358 3470 Arete.
373 3414 447 3470 Com.
464 3413 521 3469 BB.
540 3417 584 3470 86.
601 3413 619 3470 l.
638 3417 698 3482 120,
715 3417 730 3469 tt
745 3412 812 3468 avril
828 3417 907 3470 1762.

234 3513 344 3569 attin
361 3512 380 3569 f.
398 3513 528 3582 tat-130,
545 3515 589 3580 21,
606 3515 639 3566 26
655 3511 722 3567 avril
734 3518 761 3568 et
777 3517 791 3568 5
807 3511 860 3566 mai
876 3515 954 3567 1762.

235 3614 261 3666 3.
279 3632 293 3661 u
317 3611 369 3665 Les
395 3610 469 3665 deux
492 3613 595 3666 enudas
618 3615 645 3666 et
667 3609 754 3665 demie
780 3609 891 3682 exige'es
915 3610 985 3664 dans
1004 3607 1180 3664 l'Uuiversile'
1196 3625 1265 3681 pour

200 3708 343 3782 eompleter
356 3708 380 3764 le
395 3708 515 3764 be'neliee
530 3709 563 3763 de
577 3707 603 3764 la
616 3707 738 3764 maitrise
752 3712 781 3763 es
793 3714 850 3764 arts
863 3713 889 3763 et
902 3706 970 3762 celui
985 3707 1021 3761 du
1033 3706 1263 3779 quinquennium,

197 3806 298 3878 jointes
309 3825 365 3862 aux
378 3806 442 3880 cinq
457 3810 558 3862 euneos
574 3806 652 3862 seiles
664 3808 734 3862 dans
746 3813 824 3860 notre
835 3804 945 3878 college,
957 3804 1085 3860 u'ollrent
1094 3821 1147 3877 que
1156 3803 1265 3876 laperle

201 3904 278 3960 rdelle
293 3906 359 3961 d'un
374 3911 463 3978 temps
478 3903 606 3978 preeieux
619 3907 636 3960 b
648 3904 675 3960 la
684 3904 824 3978 jeuuesse,
844 3901 868 3958 le
882 3904 986 3976 degodt
1000 3909 1027 3958 et
1041 3901 1176 3958 l'inutilite
1192 3903 1225 3956 de
1240 3902 1266 3958 la

201 4003 345 4076 repetition
360 4005 408 4062 des
424 4008 525 4059 memes
541 4003 646 4072 eludes,
663 4009 690 4058 et
705 4002 729 4058 le
744 4003 937 4074 desagre'mcnt
951 4018 1020 4074 pour
1030 3999 1068 4054 les
1080 3999 1220 4056 etudiants
1232 4001 1265 4057 do

201 4119 231 4158 se
245 4101 303 4157 voir
318 4103 452 4158 devaucer
466 4107 493 4158 el
507 4100 606 4174 primer
620 4118 670 4174 par
683 4100 862 4157 t'anctennete
878 4101 926 4154 des
947 4100 1056 4172 grades,
1076 4115 1126 4170 par
1144 4116 1213 4154 ceux
1233 4099 1266 4154 de

201 4201 259 4255 leur
273 4202 323 4272 ige
337 4199 383 4272 qui
399 4199 524 4255 auraient
539 4199 587 4254 lait
600 4198 659 4254 leur
673 4197 893 4271 quinquennium
909 4198 979 4253 daus
994 4195 1179 4253 l'Uuiversite.
1197 4217 1212 4252 n
