3094 5100
702 1282 931 1353 CONCLUSlO.

293 1541 296 1548 >
336 1507 515 1601 Inquirenti
538 1510 584 1579 illi
607 1531 681 1601 quae
701 1509 798 1578 luerit
817 1509 893 1579 olim
915 1510 1002 1600 apud
1022 1531 1080 1578 nos
1100 1510 1260 1578 institutio
1276 1533 1356 1601 pue-

291 1649 401 1697 rorum
423 1628 505 1708 sorte
525 1648 591 1694 non
613 1627 772 1695 videbitur
791 1627 923 1695 omnino
943 1648 1181 1717 supervacanea
1201 1627 1270 1695 haec
1289 1627 1356 1695 his-

291 1743 374 1814 toria
386 1743 517 1832 Collegii
530 1743 766 1828 rlmhianensiS,
780 1755 852 1834 post
863 1743 1001 1812 lcsuitas
1014 1743 1162 1833 expulsos
1171 1744 1355 1827 instaurati,

292 1885 330 1933 eo
349 1874 575 1951 temporeque
596 1863 701 1952 pelam
722 1861 840 1950 erupit,
865 1883 937 1950 quae
953 1861 1019 1930 lere
1035 1861 1142 1942 adhuc
1159 1860 1357 1930 clandestina

292 1990 466 2063 manserat,
487 1977 542 2046 illa
558 1978 720 2047 contentio
736 1999 835 2068 quam
855 1978 1051 2068 philosophi,
1069 1999 1179 2046 rerum
1200 1999 1356 2046 novarum

292 2095 440 2180 studiosi,
468 2116 541 2163 cum
561 2095 698 2180 clericiS,
725 2094 920 2163 irrationalis
946 2116 1024 2162 usus
1051 2093 1354 2177 observantissimis,

290 2223 357 2280 'non
369 2211 413 2280 ita
425 2211 552 2302 pridem
565 2212 736 2280 iniverunt.
751 2212 947 2281 Universitas
959 2234 1033 2281 vero
1044 2211 1245 2296 parisiensis,
1257 2232 1358 2300 quan·

293 2351 391 2419 quam
416 2329 556 2398 Jesuitas
581 2330 699 2398 inrisos
728 2329 878 2415 habebat,
906 2329 1131 2398 consuetudini
1162 2329 1355 2418 obsequens,

292 2446 400 2536 proelii
420 2445 519 2536 hujus
541 2446 674 2514 minime
698 2445 858 2537 particeps
885 2445 958 2531 suit,
985 2446 1072 2536 qnod
1096 2445 1242 2514 videlicet
1267 2444 1357 2536 parri

291 2559 449 2652 'momenti
465 2584 534 2632 esse
550 2561 753 2630 existimavit.

338 2678 487 2747 Ambiani
511 2690 632 2763 autern,
661 2678 769 2768 priore
797 2680 868 2748 loco
893 2678 1099 2768 magistratus
1131 2677 1355 2767 municipales,

293 2795 395 2886 'quum
413 2796 452 2864 de
465 2795 605 2883 Collegio
620 2796 804 2864 renovando
821 2796 1035 2865 deliberatum
1055 2807 1113 2881 est,
1129 2795 1246 2864 deinde
1262 2792 1359 2862 Cura-

296 2924 392 2996 toreS,
408 2912 485 2979 dum
499 2911 579 2979 illud
592 2913 659 2981 fere
676 2913 735 2981 soli
751 2913 1032 2998 administrabant,
1048 2912 1103 2980 alii·
1119 2910 1287 2994 audacius,
1305 2910 1358 2977 alii

295 3028 453 3113 timidius,
471 3028 616 3117 priscum
632 3050 753 3098 morem
775 3029 948 3097 emendare
965 3028 1051 3095 haud
1069 3027 1230 3095 immerito
1252 3025 1358 3094 conati

296 3156 383 3214 sunt.
401 3145 614 3225 Quaerebatur
630 3145 715 3213 enim
730 3153 770 3213 a'n
784 3157 945 3235 oporteret
959 3144 1103 3233 magistri
1120 3144 1291 3212 saeculares
1304 3153 1360 3209 aut

296 3263 393 3331 etium
406 3261 479 3330 laici
492 3263 526 3328 in
539 3262 640 3330 vicem
655 3263 851 3351 regularium
866 3262 1096 3351 quorumlihet,
1110 3260 1166 3350 qui
1180 3281 1245 3328 non
1258 3261 1360 3326 multo

297 3379 433 3448 docendi
462 3379 585 3446 ratione
610 3378 860 3468 animorumque
891 3378 1002 3446 habitu
1030 3377 1161 3446 Jesuitis
1188 3375 1361 3444 dissimiles

298 3507 400 3578 erant,
421 3495 642 3580 succederent,
667 3516 792 3564 necnon
813 3495 922 3584 aliqua
939 3493 1085 3562 doctrina
1101 3493 1247 3561 inaudita
1264 3489 1361 3559 disci-

297 3614 365 3704 puli
381 3614 600 3700 erudirentur,
616 3626 671 3683 aut
687 3627 773 3684 certe
785 3614 934 3684 scientius
944 3613 1012 3704 jam
1026 3614 1168 3702 cognitas
1181 3611 1309 3703 planius
1323 3632 1361 3680 ac

299 3733 417 3801 rectius
432 3731 543 3820 lingua
562 3731 732 3800 vernacula
751 3731 984 3821 perdiscerem.

344 3850 543 3918 Professores
564 3849 694 3937 quidem
716 3870 818 3938 prope
840 3848 947 3914 cuncti
969 3868 987 3914 e
1007 3845 1132 3914 clericis
1152 3843 1363 3914 saecularibus

300 3965 391 4034 electi
405 3976 493 4048 sunt,
514 3965 570 4033 sed
590 3987 627 4032 ex
648 3965 859 4034 Universitate
881 3963 1053 4032 Parisiensi
1073 3963 1230 4050 originem
1253 3961 1362 4051 plures

299 4078 1359 4171 ducebant3siveroperpauciCollegiolaici,adjuvantellcnnnnn,

301 4199 475 4266 difficulter
494 4197 706 4287 irrepserunt,
725 4209 757 4264 at
773 4197 885 4264 saltem
906 4197 1014 4265 nullus
1032 4195 1185 4284 magister
1201 4195 1248 4263 vel
1266 4215 1361 4281 regu·
