3094 5100
643 633 784 692 ..75-

181 791 330 882 posse-ad
349 791 437 858 hunc
454 789 579 858 felicem
600 789 718 858 exitum
740 789 857 858 adduci
875 767 970 879 quem
989 787 1100 858 cuncti
1116 801 1249 878 praeser-

182 907 306 996 timque
331 907 529 975 Parlamenti
551 906 648 975 Curia
674 928 805 997 sperare
830 917 950 996 queant
978 907 1026 974 vel
1052 906 1091 972 ab
1116 905 1247 994 optimis

181 1022 355 1111 magistris,
382 1023 444 1090 nisi
468 1034 617 1112 uterque,
644 1023 705 1091 sibi
734 1023 867 1092 modum
889 1020 1023 1106 faciens,
1051 1021 1159 1091 studio
1181 1042 1246 1111 quo

181 1140 283 1228 magis
300 1139 476 1208 delectetur
493 1161 527 1208 se
544 1150 645 1207 totum
662 1139 771 1208 dedat.
791 1139 856 1208 Nec
866 1138 981 1207 miuus
1001 1138 1246 1227 liquet'mathe-

181 1257 344 1340 malicum,
358 1256 593 1340 mechanicam,
604 1256 764 1346 chymiam
778 1255 1009 1346 physicamque
1018 1254 1246 1345 experimentis

180 1374 293 1440 fultam
317 1372 449 1460 triginta
471 1371 588 1440 abhinc
613 1371 707 1441 anuis
730 1386 854 1462 partem
876 1371 1091 1454 necessariam
1119 1370 1246 1460 conspi-

182 1510 340 1578 cuamque
361 1487 573 1556 institutionis
592 1488 738 1578 publicae
752 1488 835 1571 heri,
848 1567 850 1572 ,
864 1487 1052 1576 civibusque
1072 1488 1140 1556 lere
1159 1487 1246 1556 omni

181 1605 263 1674 statu
280 1606 534 1696 condicioueque
549 1627 602 1674 eas
616 1605 779 1674 doctrinas
800 1607 843 1674 ita
859 1605 933 1673 usui
948 1626 1018 1673 esse
1033 1617 1071 1673 ut
1083 1604 1268 1694 plurimus,
1322 1699 1325 1705 Ι

179 1723 304 1790 fructus
328 1743 365 1789 ex
390 1721 429 1790 iis
454 1722 672 1812 decerpatur:
699 1722 847 1811 quisquis
868 1721 952 1789 enim
975 1742 1040 1789 nou
1059 1713 1126 1789 suae
1147 1720 1248 1789 aetatis

180 1839 312 1926 ignarus
331 1849 390 1922 est,
407 1838 501 1906 facile
519 1838 681 1926 intelleget
699 1860 798 1928 quam
815 1838 877 1906 illae
897 1838 1051 1921 scientiae,
1073 1836 1192 1920 mirum
1212 1836 1246 1902 iu

180 1955 312 2023 modum
327 1976 519 2045 progressae,
531 1955 626 2024 utiles
639 1955 714 2040 siut,
730 1955 757 2023 si
772 1976 988 2044 quaecumque
1003 1954 1132 2023 suntad
1149 1954 1246 2021 vitam

180 2071 374 2155 necessaria,
389 2072 542 2161 quodque
559 2071 599 2138 ad
617 2082 701 2140 artes
716 2071 920 2164 mechanicas
938 2071 1025 2160 apud
1041 2091 1100 2138 nos
1116 2090 1248 2160 praeser-

180 2188 250 2272 tim,
269 2188 301 2255 id
320 2200 367 2256 est
383 2188 416 2254 iu
437 2188 563 2256 civitate
584 2199 788 2273 mercaturae,
806 2188 952 2272 fabricis,
973 2187 1165 2277 lingentium
1181 2185 1248 2254 olli-

180 2304 261 2372 ciuis
277 2304 409 2372 omnino
429 2304 559 2389 deditae,
581 2304 779 2394 spectabit...
796 2305 804 2344 ¹
830 2328 845 2370 1

224 2420 396 2489 Curatores
411 2421 522 2508 igitur,
540 2442 642 2511 quum
664 2420 855 2508 magistrum
872 2421 1009 2489 alterum
1027 2420 1151 2508 logicae,
1168 2421 1247 2488 alte·

180 2558 253 2604 rum
264 2538 404 2627 physicae
417 2537 632 2625 assignarent,
642 2536 717 2627 jure
729 2537 902 2626 cupiebant
914 2538 983 2605 haee
995 2536 1101 2604 studia
1114 2537 1248 2604 meliora

178 2652 284 2736 reddi,
302 2653 533 2743 inprimisque
554 2677 568 2718 v
588 2653 762 2743 juvenibus
780 2654 867 2721 omui
887 2664 970 2721 statu
989 2653 1246 2747 condicioneque

178 2769 275 2837 licere
290 2780 325 2836 ut
339 2769 462 2837 utiliter
474 2769 680 2860 assidueque,
699 2791 933 2860 nonnunquam
951 2791 1010 2859 per
1025 2770 1106 2838 duos
1122 2771 1248 2838 veltres

178 2906 280 2953 anuos
310 2885 492 2970 continuos,
524 2887 636 2955 eodem
665 2887 814 2970 docente,
849 2886 1108 2954 mathematicam
1139 2886 1247 2976 physi-

179 3023 315 3091 camque
328 3003 481 3086 colerent,
499 3014 597 3092 prout
610 3002 720 3070 liberis
737 3023 819 3091 opus
834 2985 918 3071 esset
929 3014 1143 3093 parentesque
1157 3014 1247 3093 opte-

178 3129 249 3186 rent
277 3117 334 3207 qui
365 3118 467 3205 magis
495 3139 532 3186 ac
557 3119 659 3206 magis
682 3119 794 3207 quanti
826 3117 1016 3187 aestimanda
1047 3130 1153 3188 essent
1181 3119 1248 3186 haec

177 3233 360 3302 necessaria
375 3233 552 3302 sentireut²
572 3259 601 3301 1.
625 3235 711 3322 Ergo
729 3233 914 3319 Curatores,
934 3235 1081 3324 quamvis
1099 3235 1138 3301 ad
1160 3232 1248 3300 utili-

215 3434 240 3486 1.
257 3431 337 3487 Arch.
354 3433 418 3503 de.
435 3430 470 3487 D.
488 3434 531 3487 12.
546 3431 638 3488 Lettre
653 3432 691 3486 du
702 3432 813 3487 Bureau
826 3436 842 3487 a
854 3432 892 3487 Le
904 3431 1041 3500 Rebours,
1054 3434 1087 3486 29
1103 3430 1249 3486 novembre

179 3531 258 3586 1783.
276 3559 307 3568 -
323 3521 442 3600 Appeud.
464 3529 511 3584 lX.
533 3528 647 3598 lbidem,
668 3529 733 3602 quia
746 3529 866 3601 profecto
882 3528 1004 3584 benevoli
1021 3527 1159 3585 auditores
1174 3529 1248 3602 phy-

178 3625 241 3684 sica
258 3632 384 3699 sumptus
403 3633 548 3697 auxerant,
568 3627 715 3684 Curatores
736 3633 834 3701 petunt
854 3634 885 3683 ut
901 3626 954 3683 sibi
973 3626 1052 3683 liceat
1071 3626 1105 3682 ab
1120 3626 1249 3683 omnibus

177 3723 349 3780 scholasticis
364 3724 508 3797 pecuniam
522 3726 668 3798 quamdam
684 3742 793 3798 quoque
809 3742 882 3781 anno
897 3724 1016 3798 exigere.

213 3826 239 3876 2.
262 3821 303 3877 Cl.
320 3821 447 3891 Rolland,
465 3824 572 3879 Reeueil
585 3824 631 3880 des
648 3823 774 3888 (llduvres,
790 3841 817 3896 p.
837 3825 886 3878 111
901 3841 907 3878 :
931 3845 944 3874 u
961 3822 981 3877 ll
997 3822 1081 3880 serait
1095 3823 1248 3880 necessaire

177 3921 211 3977 de
231 3919 319 3976 varier
336 3920 375 3976 les
395 3919 576 3976 instructions
592 3938 662 3994 pour
679 3939 732 3994 que
752 3928 815 3977 tous
834 3921 873 3976 les
894 3921 1003 3978 enlauts
1026 3921 1153 3994 puissent
1175 3921 1248 3994 s'ap-

176 4016 284 4090 pliquer
299 4017 479 4089 abscienda,
494 4018 548 4075 soit
562 4037 632 4092 pour
643 4019 757 4092 laquelle
772 4019 805 4075 ils
819 4025 868 4075 ont
883 4021 920 4076 du
934 4025 1037 4092 goulet
1047 4021 1081 4076 de
1094 4019 1247 4090 l’aptitude,

177 4114 232 4171 soit
252 4115 299 4188 qui
318 4116 376 4172 leur
395 4134 456 4174 sera
477 4117 631 4174 necessaire
650 4135 720 4190 pour
734 4118 810 4174 l'etat
826 4118 906 4190 qu'ils
922 4116 1124 4174 embrasserout
1138 4119 1209 4174 dans
1224 4118 1249 4174 la

178 4213 284 4273 suite...
308 4214 405 4271 haut-it
426 4233 479 4288 que
501 4215 570 4271 celui
591 4216 637 4289 qui
658 4216 703 4272 u’a
722 4216 750 4272 ni
770 4221 839 4289 gout
858 4233 927 4289 pour
944 4215 1045 4273 l'etude
1064 4216 1112 4272 des
1131 4216 1247 4290 langues
