3096 5088
709 568 894 624 ¹-lt-

289 719 409 810 optime
428 717 606 788 retinendis
629 718 805 810 imperium
831 719 1059 808 redigereturl
1080 742 1111 789 a.
1131 718 1248 790 Nonne
1267 723 1355 791 enim

289 837 321 904 in
342 835 565 906 Universitalis
592 837 756 927 mancipio
781 849 878 922 esset,
901 859 974 928 quae
999 837 1165 926 flagitabat
1182 837 1257 924 sibi,
1283 860 1356 908 con·

289 953 380 1022 sortii
390 953 506 1042 gratia,
520 952 653 1040 vectigal
664 954 841 1043 quoddam,
854 975 873 1022 a
888 953 1021 1042 Collegii
1033 953 1244 1024 Curatoribus
1256 954 1355 1024 indic·

289 1081 371 1154 tum,
394 1063 500 1138 solvi‘?
521 1068 627 1148 Quum
651 1091 757 1159 neque
777 1070 856 1157 Regi
875 1091 980 1160 neque
999 1071 1200 1139 Parlamento
1219 1072 1354 1140 facultas

289 1196 373 1254 esset
391 1185 534 1254 civitates
552 1185 723 1254 coercendi
738 1186 778 1272 ad
795 1187 929 1274 collegia
949 1187 1062 1255 alienis
1078 1187 1203 1275 legibus
1218 1187 1355 1256 obstrin-

289 1303 406 1390 genda,
429 1322 559 1371 necesse
580 1301 640 1370 luit
656 1302 798 1370 edictum
820 1324 929 1370 mense
952 1303 1129 1372 Februario
1150 1303 1353 1372 MDCCLXlll
1384 1386 1386 1388 ¹

289 1419 330 1488 do
342 1418 530 1488 ordinandis
543 1418 685 1508 collegiis
701 1441 739 1488 ex
754 1418 1024 1488 Universitatibus
1042 1419 1197 1510 sejunctis
1212 1421 1354 1510 promul·

236 1591 238 1598 Α
290 1547 434 1623 geretur.

334 1653 459 1722 Interea
481 1652 606 1736 civitas,
635 1651 753 1720 timens
779 1672 821 1720 ne
852 1653 935 1721 clam
960 1665 1015 1720 aut
1040 1653 1146 1742 palam
1175 1654 1366 1744 Episcopus¹

289 1769 532 1859 capitulumque
552 1768 730 1837 commodis
746 1769 813 1837 suis
829 1749 1088 1850 adversarentur,
1111 1769 1289 1858 Collegium
1304 1770 1353 1838 sui

284 1885 369 1974 juris
384 1885 517 1954 omnino
532 1906 614 1969 esse,
628 1905 688 1952 nec
703 1885 743 1952 ab
759 1885 825 1953 ullo
839 1885 996 1953 vindicari
1008 1906 1115 1976 posse,
1131 1885 1353 1954 demonstrare

290 2001 480 2071 conabatur.
493 2001 586 2086 Nam,
602 2001 765 2086 utaiebat,
781 2001 815 2068 in
831 2001 984 2088 Collegio,
999 2023 1063 2070 non
1075 2001 1354 2070 adhuoalcsuitis

288 2118 524 2201 administrato,
542 2145 558 2182 c
577 2117 716 2207 exceptis
734 2117 996 2207 quibuscumque
1013 2117 1249 2207 spiritualibus,
1265 2118 1356 2207 Epis·

288 2257 388 2325 copus
401 2235 644 2324 capitulumque
657 2234 874 2304 communiter
884 2256 958 2304 cum
970 2234 1108 2302 scabinis
1118 2247 1350 2324 praeceptorem

288 2351 490 2442 praecipuum
513 2351 737 2419 tantummodo
761 2351 947 2439 eligebanl3
974 2403 1038 2418 .....
1070 2350 1249 2441 Episcopus
1279 2371 1355 2418 vero

288 2468 423 2557 insuper
450 2468 489 2535 de
514 2467 630 2552 ceteris
653 2487 726 2556 quae
755 2467 796 2534 od
820 2467 991 2535 utilitatem
1019 2466 1150 2554 Collegii
1173 2467 1355 2536 necessaria

287 2584 434 2675 putabat,
461 2584 585 2652 libellos
610 2583 750 2651 scabinis
771 2583 959 2672 porrigebat
980 2583 1036 2672 qui
1057 2583 1115 2650 soli
1140 2582 1355 2650 deliberarent

288 2700 554 2789 statuerantque²
570 2723 598 2766 n.
614 2701 639 2766 A
656 2699 775 2788 llajore
787 2699 888 2787 igitur
899 2699 1105 2788 scabinisque
1116 2697 1308 2788 Collegium,
1319 2711 1356 2766 ut

323 2900 349 2954 r.
366 2897 447 2953 Aret.
465 2897 538 2953 com.
556 2897 613 2952 ue.
631 2898 675 2952 oc.
691 2896 710 2952 r.
728 2895 977 2965 125,tmai1762
999 2913 1005 2952 :
1029 2918 1041 2948 (t
1062 2895 1101 2952 ua
1115 2874 1277 2970 compagum
1291 2894 1355 2951 nart-

287 2996 395 3066 bdraut,
413 2994 460 3051 elle
475 3013 491 3051 a
506 2995 711 3058 unanimemenl
725 2997 814 3058 arcete
829 2994 863 3050 de
876 2987 975 3068 'rejeter
988 2993 1150 3050 l'alfiliation
1170 2994 1288 3068 projclce
1306 3011 1356 3066 par

287 3094 311 3150 le
325 3094 413 3166 projet
427 3094 461 3150 de
472 3095 629 3165 concordat,
640 3094 766 3150 d'autant
777 3111 830 3166 que
838 3092 877 3148 les
889 3093 1056 3164 conditions,
1071 3093 1127 3149 loin
1140 3092 1245 3149 d'ollrir
1255 3092 1356 3148 l'avan-

287 3199 352 3267 tage
367 3193 451 3266 qu'on
466 3193 579 3266 pouveit
591 3196 701 3265 caperer
714 3192 748 3248 de
763 3191 846 3247 ledile
866 3191 1008 3248 affiliation
1023 3210 1092 3266 pour
1107 3209 1213 3266 gagner
1226 3190 1250 3246 lc
1265 3196 1355 3262 temps

289 3292 409 3362 d'e'lude,
425 3310 458 3346 ne
473 3296 633 3364 pre'senteul
648 3309 702 3365 qne
716 3291 765 3368 des
779 3290 989 3347 inconvenients
1004 3290 1071 3347 reels
1087 3296 1113 3347 el
1128 3309 1166 3345 un
1183 3289 1356 3364 assujetisse-

287 3397 362 3446 ment
378 3390 474 3446 servile
491 3390 538 3463 qui
558 3397 601 3447 est
620 3370 772 3446 concretes
792 3391 879 3447 droils
895 3398 921 3447 el
934 3391 973 3446 lcs
988 3389 1132 3463 privileges
1152 3390 1185 3446 de
1203 3387 1356 3445 l'hdlelde-

289 3488 362 3544 ville.
377 3509 389 3539 »

322 3591 348 3643 2.
365 3587 434 3643 loto.
452 3587 471 3643 l.
489 3591 538 3642 127
553 3605 559 3643 :
573 3609 587 3638 ι(
604 3587 644 3641 En
657 3592 747 3643 toules
757 3593 850 3645 autres
862 3589 959 3643 choses
975 3606 1028 3660 que
1042 3587 1119 3642 celles
1135 3586 1182 3661 qui
1197 3584 1357 3642 toucheient

287 3704 321 3742 au
338 3685 473 3758 spiritual,
490 3685 527 3742 M.
541 3686 670 3758 l'Eveque
686 3692 713 3741 el
726 3704 777 3742 son
792 3685 913 3758 chapilrc
928 3686 1067 3742 n'avaieut
1078 3687 1111 3741 de
1125 3689 1210 3758 parta
1222 3683 1356 3740 l'eleclion

286 3786 323 3841 du
340 3787 499 3857 preccpleur
516 3783 648 3856 principal
663 3783 775 3857 qu’avec
790 3783 1005 3841 l'hdlel-de-ville
1019 3791 1089 3841 eten
1105 3792 1182 3840 verlu
1194 3785 1226 3839 de
1239 3782 1357 3838 l'ordon·

287 3901 374 3938 nance
389 3882 549 3950 d'Orleaus3
567 3863 593 3937 el
609 3882 646 3938 M.
661 3880 799 3956 l'Evdqne,
812 3901 882 3956 pour
896 3889 957 3940 tout
970 3901 1000 3938 ce
1010 3883 1075 3957 qu’il
1083 3883 1189 3956 jugeeil
1200 3900 1233 3938 au
1246 3879 1356 3953 sorplus

286 3980 440 4036 necessaire
456 3998 491 4036 au
506 3979 570 4035 bien
585 3980 622 4034 du
639 3979 756 4053 Collega,
766 3982 917 4053 presentait
932 3983 980 4037 des
996 3981 1182 4038 memoiresou
1198 3981 1357 4052 requetesb

284 4078 488 4152 l'Echevinage,
507 4095 555 4134 sur
569 4077 687 4150 lesquels
702 4078 891 4152 l'thevinage
905 4079 1057 4150 deliberarit,
1075 4080 1173 4136 avisail
1194 4085 1220 4135 et
1242 4076 1358 4134 slatuail

288 4175 357 4234 seul.
375 4195 390 4228 n
