3094 5100
772 632 916 688 ...78-

242 845 248 854 .
315 785 406 853 licuit
420 796 467 869 ut,
479 784 636 875 juvenum
651 784 766 854 litteris
783 791 848 857 non
864 787 1067 855 eruditorum
1084 809 1194 872 eausa,
1208 798 1266 855 aut
1280 787 1381 856 latin'e

315 912 370 970 aut
385 901 499 990 gallice
517 902 659 984 doceret,
675 903 756 970 nihil
774 903 814 971 de
834 904 980 972 thesibus
1001 904 1208 973 immutatum
1226 915 1274 972 cst
1291 926 1378 993 quae,

199 1105 201 1110 ,
254 1054 257 1062 ·
313 1039 372 1110 pro
401 1018 635 1087 consuetudine
665 1019 853 1087 Parisieusis
881 1020 1115 1106 Universitatis,
1143 1041 1310 1110 nunquam
1338 1020 1379 1087 ab

313 1136 517 1204 auditoribus
536 1135 699 1204 benevolis
718 1139 979 1226 propugnamus.
1006 1162 1019 1203 ι

358 1270 562 1359 Quamquam
578 1268 751 1348 Curatores
771 1271 841 1338 haec
860 1271 1012 1340 mandata
1032 1271 1173 1340 exsecuti
1193 1283 1279 1356 sunt,
1298 1282 1378 1340 atta-

313 1407 389 1455 men
409 1387 564 1455 Rnrnnno
584 1408 648 1455 non
665 1409 683 1454 a
700 1387 904 1457 contentione
925 1389 1058 1458 destitit.
1077 1389 1199 1478 Nempe
1220 1388 1378 1479 disputari

314 1515 440 1594 poterat
455 1503 730 1593 quemadmodum
748 1504 781 1572 id
799 1505 885 1593 quod
903 1527 921 1572 a
939 1505 1150 1574 Curatoribus
1166 1504 1377 1574 deliberatum

316 1630 384 1688 erat
395 1621 435 1688 de
448 1631 587 1710 utroque
600 1620 766 1708 magistro,
782 1632 839 1689 aut
850 1621 962 1708 logicae
978 1632 1035 1690 aut
1045 1605 1188 1712 ¹physica
1202 1622 1375 1710 assignato,

314 1736 521 1808 enodaretur.
551 1737 630 1804 Nam
659 1737 799 1827 physicae
826 1737 1001 1827 professor,
1031 1749 1067 1806 ut
1094 1759 1132 1806 ex
1149 1738 1291 1808 ¹arbitrio
1319 1759 1377 1806 suo

314 1853 412 1921 latine
439 1853 590 1941 galliaeve
614 1853 753 1938 dicebat,
779 1853 835 1938 ita,
865 1878 879 1920 ι
908 1868 944 1923 ιιι
967 1854 1081 1922 ordine
1103 1854 1242 1945 ideoque
1267 1854 1377 1923 utilius

314 1971 505 2060 praeciperet
533 1995 562 2054 a,
591 1981 722 2060 quoque
751 1991 836 2039 anno
863 1970 1009 2060 praebere
1039 1970 1177 2040 indicem
1203 1970 1378 2059 jubebatur

316 2109 380 2176 quo
398 2086 562 2154 nuntiaret
577 2086 736 2176 quidquid
758 2087 806 2155 vel
824 2086 863 2154 de
884 2087 1111 2156 mathematica
1127 2087 1176 2155 vel
1191 2087 1231 2156 dc
1248 2087 1377 2177 physica

314 2224 399 2280 anno
422 2203 568 2293 proximo
588 2203 813 2292 explicaretur.
836 2203 910 2271 Veri
931 2202 1132 2273 simillimum
1156 2216 1203 2271 est
1223 2203 1377 2271 Rnrnann

314 2321 391 2388 huic
407 2320 537 2388 decreto
552 2331 617 2391 no'n
631 2320 789 2410 paruisse.
812 2321 923 2410 ltaque
939 2320 1124 2405 Curatores
1141 2330 1272 2388 auctore
1287 2320 1377 2387 Prin-

314 2437 426 2528 cipali,
459 2436 557 2504 finem
589 2437 776 2505 certaminis
810 2438 958 2506 lecerunt
987 2437 1158 2505 statuendo
1190 2437 1276 2526 quod
1308 2436 1377 2525 ejus

314 2554 535 2622 adversarium
556 2553 596 2621 ab
617 2553 670 2621 illo
693 2555 763 2622 loro
784 2558 848 2621 tam
872 2575 1008 2643 operose
1033 2565 1191 2643 occupato
1211 2553 1244 2620 in
1263 2574 1378 2642 perpe-

313 2683 406 2738 tuum
420 2669 618 2737 deturbaret.
635 2669 711 2738 Haec
723 2669 967 2746 erantcrimina
980 2669 1088 2737 abbati
1103 2670 1258 2737 Rnrnano
1271 2669 1375 2737 illata:

359 2804 524 2872 Professor
534 2804 599 2888 ille,
612 2803 709 2873 nimis
722 2804 753 2871 in
767 2804 1003 2872 mathematicae
1015 2803 1221 2894 physicaeque
1234 2803 1376 2872 studium

314 2921 522 3006 incumbens,
552 2921 636 2988 intra
662 2921 845 2990 scholarem
878 2931 1001 2989 annum
1030 2923 1133 3011 plura
1154 2921 1379 3010 complectitur

315 3059 411 3127 quam
436 3050 473 3105 ut
495 3039 668 3128 plerosque
691 3038 868 3128 discipulos
890 3059 955 3128 quo
979 3037 1041 3128 ipsi
1062 3038 1194 3105 tendant
1218 3037 1376 3121 adducat;

314 3149 477 3222 auditores
497 3153 585 3223 omni
606 3166 698 3222 aetate
721 3153 987 3244 condicioneque,
1010 3175 1091 3244 quos
1110 3174 1175 3222 non
1192 3153 1260 3242 jam
1280 3153 1378 3222 bene-

312 3270 412 3355 volos,
432 3272 487 3339 sed
508 3292 613 3339 meros
633 3270 809 3362 discipulos
827 3271 935 3352 habet,
957 3270 990 3337 in
1010 3270 1151 3339 scholam
1172 3255 1379 3354 contraham,

314 3399 402 3456 extra
429 3388 510 3457 fines
536 3377 645 3456 solitos
664 3389 873 3477 progreditur
900 3387 944 3455 ita
969 3398 1005 3454 ut
1027 3388 1137 3456 nescio
1162 3387 1241 3476 quid
1264 3387 1379 3455 incerti

314 3506 571 3595 supervacuique
590 3527 628 3573 ac
651 3505 724 3573 ideo
743 3504 908 3594 plerisque
931 3525 1033 3594 prope
1054 3504 1178 3573 inutilis
1198 3503 1377 3594 praecipiat,

314 3643 379 3711 quo
395 3622 454 3690 soli
472 3622 504 3700 in
523 3621 657 3690 transitu
679 3622 882 3690 oblectentur
899 3621 1045 3689 nonnulli
1064 3621 1240 3706 auditores,
1259 3603 1379 3709 ciuibus

313 3739 457 3807 ¹ceterum
487 3751 597 3828 patent
624 3739 740 3807 scholae
769 3723 908 3828 publicae
938 3738 971 3805 in
1003 3738 1129 3805 civitate
1159 3737 1331 3821 institutae,
1360 3759 1379 3804 a

315 3854 454 3944 Collegio
467 3856 561 3945 plane
577 3855 751 3926 absimiles..
769 3854 960 3945 Principalis
975 3875 1048 3922 vero
1064 3854 1204 3944 postulat
1217 3863 1253 3920 ut
1267 3853 1379 3940 lingua

313 3971 412 4040 latina
441 3972 475 4040 in
506 3983 646 4061 utraque
677 3971 892 4060 philosophiae
924 3971 1024 4039 classe
1060 3969 1249 4053 retineatur,
1281 3979 1379 4058 atque

313 4089 422 4157 nullus
449 4089 482 4156 in
512 4110 565 4158 eas
594 4087 795 4172 admittatur,
826 4087 888 4156 nisi
916 4110 1017 4177 quum
1046 4086 1114 4177 ipse
1142 4107 1201 4176 per
1229 4084 1379 4153 tabellam

313 4204 508 4295 permiserit.
1175 4221 1177 4229 ⁴
