3096 5088
731 585 870 640 42-

272 739 318 807 oh'
326 749 456 808 calisam
471 737 619 806 videlicet
632 738 785 806 Lazoritae
797 739 938 808 ‘scabinis
953 739 1120 808 orantibus
1136 759 1200 807 nou
1213 759 1338 806 annue-

273 865 356 924 rant.
381 854 462 922 Nam
481 853 535 922 illa
556 862 743 944 tempestate
766 856 859 923 facile
884 848 1250 938 credebatnr'lcsuitas,
1273 875 1338 923 non

272 962 379 1039 adhuc
396 972 435 1038 de
454 971 656 1060 possessione
672 971 833 1042 bonorum
850 971 1003 1061 dejectos
1018 993 1078 1040 nec
1097 971 1184 1060 ipsos
1204 971 1337 1039 eGallia

273 1087 434 1176 expulsos,
463 1108 522 1155 neo
547 1088 682 1156 latentes
711 1087 745 1155 in
774 1100 863 1156 tanto
891 1088 1027 1178 periculi
1056 1087 1245 1155 discrimine
1275 1087 1338 1154 sibi

274 1203 405 1271 exitium
427 1203 560 1286 instare,
584 1202 616 1270 in
637 1225 675 1271 eo
699 1224 767 1272 esse
793 1215 828 1272 ut
848 1216 1012 1294 postremo
1037 1205 1162 1272 hostem
1187 1202 1339 1271 infensis-

274 1319 392 1386 simum
413 1319 569 1388 vincendo
594 1321 796 1408 repellerent.
819 1320 908 1388 Adde
933 1321 1033 1408 quod,
1058 1319 1233 1409 Principali
1256 1318 1339 1386 laico

271 1435 338 1524 jam
351 1435 518 1524 designato
531 1437 572 1504 ad
589 1437 740 1506 ultimum
753 1436 947 1527 deprecante
959 1457 1090 1520 nrunus,
1104 1436 1135 1502 in
1149 1435 1219 1524 ejus
1231 1436 1340 1503 locum

276 1551 411 1620 clericus
430 1552 580 1620 sussessit
592 1552 615 1620 ¹.
630 1613 631 1616 ,

319 1677 402 1744 Dum
428 1688 466 1745 ea
496 1677 705 1766 gerebantur,
737 1678 847 1747 civitas
878 1678 1001 1767 aliquot
1025 1677 1195 1764 magistros
1231 1675 1337 1762 elegit,

276 1793 394 1881 quibus
412 1794 566 1862 salarium
583 1815 728 1863 annuum
746 1793 873 1879 indixit,
893 1795 1045 1883 idemque
1059 1793 1179 1883 pacisci
1197 1804 1341 1880 tompore

277 1931 350 1976 cum
366 1909 541 1999 Principali
554 1911 735 2000 ceterisque
747 1912 786 1979 ad
801 1911 921 1999 gradus
934 1909 1155 1979 Universitatis
1168 1907 1338 1999 promotio,

276 2025 395 2114 quibus
408 2008 570 2115 opus‘erat
582 2028 622 2094 ud
636 2026 813 2114 Collegium
827 2026 1133 2109 administrandum,
1149 2025 1340 2112 scholasque

276 2141 428 2210 vicesimo
459 2143 510 2212 die
538 2144 656 2233 Aprilis
689 2144 809 2212 mensis
836 2142 1026 2212 MDCCLXll
1054 2141 1181 2231 aperire
1217 2139 1339 2208 statuit.

276 2256 350 2341 Sed,
378 2258 509 2326 lesuitis
536 2257 712 2346 Collegium
742 2259 839 2328 etiam
867 2270 944 2328 tune
971 2258 1165 2341 tenentibus,
1192 2256 1273 2324 nihil
1301 2254 1342 2321 de

277 2373 441 2443 domicilio
463 2375 583 2445 ibidem
606 2376 696 2444 novis
717 2373 963 2465 professoribus
978 2373 1152 2464 praebendo
1175 2372 1341 2440 decretum

278 2504 336 2560 est.
355 2495 513 2578 Attamen,
533 2494 645 2584 paucis
663 2494 777 2562 diebus
791 2492 994 2576 intermissis
1011 2490 1181 2578 magistros
1201 2487 1343 2576 reliquos

278 2609 339 2680 sibi
359 2610 470 2679 civitas
490 2611 636 2696 adscivit,
655 2612 903 2701 pactionemque
920 2617 1004 2678 oum
1017 2609 1056 2676 iis
1077 2607 1151 2676 lecit
1171 2607 1215 2674 itu
1232 2617 1268 2673 ut
1289 2604 1342 2672 die

278 2726 364 2794 dicto
382 2727 533 2816 discipuli
549 2740 776 2797 exercerentur
791 2727 816 2794 ².

324 2853 409 2940 Ergo
424 2855 526 2943 liquet
543 2855 575 2921 in
592 2854 653 2922 hoo
670 2853 806 2922 transitu
824 2874 932 2921 rerum
950 2852 1072 2920 incerto
1091 2850 1263 2931 civitatem,
1281 2846 1357 2915 sibi.

279 2989 444 3036 summum
471 2967 645 3058 imperinm
677 2967 860 3056 arrogando
892 2977 923 3034 et
953 2966 1153 3055 usurpando,
1184 2963 1271 3052 quod
1305 2983 1343 3029 ex

279 3085 393 3153 litteris
421 3086 515 3173 Regis
534 3086 718 3176 patentibus
739 3084 999 3172 Parlamentique
1021 3083 1133 3151 edictis
1155 3103 1227 3149 mon
1253 3078 1343 3146 abdi-

281 3195 393 3270 catura
408 3216 488 3287 erat,
506 3208 675 3293 totumque
694 3202 839 3272 officium
854 3201 1011 3292 explendo
1030 3202 1203 3289 locumque
1220 3217 1342 3287 proeoc-

282 3320 444 3412 cupando‚
462 3342 479 3416 e
499 3321 652 3410 periculis
670 3320 779 3387 multis
795 3317 986 3406 Collegium,
1009 3315 1094 3406 quod
1116 3314 1255 3383 habebut
1272 3332 1344 3401 pro-

232 3471 234 3476 ·
281 3439 403 3528 prium,
419 3438 546 3506 sortiter
560 3437 728 3527 eripuisse.

318 3677 344 3726 1.
361 3671 445 3726 Arclt.
464 3670 537 3726 Com.
555 3671 612 3725 BB.
629 3673 672 3725 86.
689 3668 708 3725 f.
726 3673 787 3736 168,
805 3671 864 3737 169,
883 3663 950 3736 170,Ι
961 3672 1005 3736 20,
1026 3669 1069 3735 22,
1088 3669 1121 3721 29
1138 3663 1246 3737 Janvier
1266 3664 1344 3717 1763.

317 3783 343 3834 2.
360 3779 427 3833 tttd.
445 3779 463 3834 l'.
482 3782 542 3847 117,
557 3781 616 3845 118,
631 3779 691 3845 120,
705 3780 765 3844 122,
781 3779 841 3845 123,
853 3779 897 3844 21],
910 3779 940 3831 31
954 3792 1036 3842 mare,
1050 3777 1131 3842 5,·10,
1144 3769 1344 3826 1711121762.

283 3877 324 3932 Cl.
342 3877 422 3932 Arcto.
439 3877 502 3948 llc'p.
519 3877 552 3930 D.
576 3878 618 3931 16.
639 3874 777 3946 Registre,
798 3874 817 3928 l.
836 3877 889 3928 1-6.
908 3870 1110 3928 Proo‘es-verbal
1125 3869 1173 3925 luit
1188 3887 1223 3924 au
1238 3866 1346 3939 College

282 3961 432 4042 d'Amiens,
448 3977 549 4045 occupe'
563 3990 612 4044 por
626 3971 664 4026 les
677 3971 827 4026 soi-disans
842 3970 970 4039 lesuite5‚
989 3968 1191 4040 etdesoription
1207 3968 1255 4021 des
1267 3965 1345 4020 titres

281 4078 308 4128 et
327 4072 434 4144 papiers
455 4073 492 4126 du
515 4070 631 4142 Collige,
657 4072 810 4124 cummeneo
831 4069 855 4124 le
875 4073 909 4124 30
928 4068 995 4124 avril
1016 4071 1095 4137 1762,
1116 4066 1172 4121 clos
1191 4065 1215 4119 le
1235 4069 1264 4118 11
1283 4061 1344 4135 juin

283 4170 359 4226 audit
374 4187 420 4226 nn.
