3096 5088
795 601 936 655 „24-

377 753 498 822 Vemm
519 753 698 838 enimuero,
715 775 818 844 quum
833 753 982 844 plerique
997 755 1193 844 professores
1209 753 1243 821 in
1260 756 1404 842 collegiis

335 882 524 941 constanter
548 883 732 955 manerent,
758 872 849 939 nulla
873 871 930 940 illo
958 884 1100 961 tempore
1127 893 1220 940 causa
1251 885 1320 940 erat
1345 894 1404 940 cur

331 989 464 1080 penitus
480 988 724 1078 perspiceretur
735 988 924 1076 magistrine
939 988 1026 1073 laici,
1040 1000 1126 1057 entra
1143 989 1313 1076 collegium
1329 1011 1403 1056 cum

331 1106 402 1174 suis
424 1106 623 1189 habitantes,
643 1105 769 1174 clericis
794 1118 997 1195 praestarent,
1016 1105 1100 1174 intra
1128 1105 1199 1195 ejus
1223 1127 1336 1174 muros
1354 1106 1405 1173 in·

333 1222 446 1306 elusis,
460 1243 502 1290 an
516 1221 660 1312 impares
672 1233 790 1291 essent.
805 1223 897 1302 Quod
911 1222 1057 1312 quidem,
1068 1244 1088 1290 a
1099 1222 1237 1311 preside
1250 1223 1405 1290 Romano

332 1361 394 1408 nec
409 1339 443 1406 in
461 1337 621 1429 Operibus
636 1361 699 1408 nec
714 1339 747 1406 in
763 1339 913 1429 epistulis
931 1339 1036 1407 citatis
1051 1338 1265 1430 disputatum,
1277 1339 1320 1406 ab
1334 1339 1405 1406 aliis

333 1457 549 1527 nihilominus
569 1478 699 1525 summa
721 1478 802 1524 cura
820 1456 1019 1546 pensilatnm
1039 1467 1099 1524 est.
1117 1455 1254 1536 Quidam
1270 1456 1405 1525 Univer-

334 1573 440 1643 sitatis
457 1573 652 1642 Parisiensis
667 1574 824 1642 emeritus
837 1575 1001 1663 pmlessor
1012 1572 1126 1641 irridet
1144 1573 1222 1641 istos
1236 1573 1406 1660 magistros

334 1691 393 1782 qui
409 1691 637 1760 tantummodo
650 1691 785 1779 collegia
798 1691 932 1774 intrant,
951 1718 965 1752 ι
981 1703 1133 1780 tanquam
1147 1690 1225 1758 artis
1234 1691 1407 1758 saltatoriae

335 1808 501 1896 magistri¹
511 1833 541 1892 ),
557 1821 594 1876 ut
612 1808 677 1876 cito
688 1808 824 1876 domum
837 1817 1052 1890 revertantur,
1068 1829 1173 1896 neque
1185 1807 1406 1876 docendorum

336 1946 446 2016 neque
457 1925 641 2015 praesertim
654 1925 900 1993 educandorum
913 1924 1147 2014 discipulorum
1161 1925 1244 1992 ultra
1256 1925 1405 1993 studiosi.

336 2046 400 2114 Res
417 2044 505 2113 enim
522 2057 604 2129 erat,
622 2045 708 2112 sicut
723 2043 833 2127 bodie,
855 2043 987 2110 maximi
1004 2042 1172 2111 momenti.

381 2180 484 2248 Nemo
496 2179 585 2247 enim
599 2178 734 2246 infitiari
747 2189 853 2268 potest
863 2178 1027 2266 magistris
1038 2177 1259 2246 Universitatis
1273 2191 1405 2263 nostrae,

338 2298 379 2365 de
392 2297 513 2386 quibus
526 2317 615 2362 nune
628 2296 734 2363 solum
747 2296 869 2383 agitur,
878 2317 980 2384 qnurn
993 2294 1150 2362 laicorum
1163 2295 1407 2383 magistrorum,

338 2411 603 2480 duodevicesimo
619 2413 739 2480 saeculo
754 2411 985 2501 plurimorum,
1000 2410 1057 2501 qui
1073 2410 1222 2500 privatim
1236 2410 1407 2494 docebant,

338 2551 442 2615 genus
456 2531 524 2596 lere
539 2549 636 2596 omne
653 2528 838 2609 exoleverit,
857 2548 923 2595 non
940 2527 1050 2610 licere,
1068 2528 1155 2594 velut
1172 2527 1297 2595 clericis
1317 2528 1411 2596 disci-

340 2646 435 2735 pulos
452 2646 642 2734 frequenter
658 2644 889 2727 assidentibus,
910 2665 1022 2712 eornm
1041 2643 1179 2726 animos,
1194 2643 1287 2732 quasi
1305 2665 1322 2711 e
1338 2665 1412 2712 cera

342 2761 432 2830 molli
450 2762 622 2850 imagines,
637 2761 773 2849 lingere.
791 2761 857 2829 Nec
873 2761 915 2828 ab
931 2760 994 2828 illis
1009 2772 1089 2850 puto
1104 2761 1165 2828 boc
1178 2760 1372 2848 erigendum
1384 2760 1409 2826 ².

378 3009 403 3059 l.
420 3003 1411 3077 Letlred’uoprosesseurdmdriledcl’llniuersitddcl'oris,enreponse
1510 3023 1511 3082 g

342 3121 379 3157 au
394 3103 430 3159 tt.
443 3103 477 3158 P.
494 3103 528 3158 D.
540 3103 622 3171 V.,...
634 3102 781 3176 Religieux
797 3101 959 3158 Benedictin
973 3103 1007 3157 de
1022 3103 1169 3158 St·ldaur:
1184 3120 1235 3158 sur
1247 3104 1411 3159 l’rlducoliort
1510 3139 1511 3148 κ

338 3199 1413 3273 publicatamsujetdesExercicesdel’rlbbayeroyaledeSorerelssrnxelles·

343 3298 434 3354 Paris.
449 3303 528 3356 llll.
540 3298 620 3370 iu-8)‚
632 3316 661 3371 p.
671 3303 754 3354 ‘es-29
767 3315 774 3352 :
792 3321 807 3349 a
825 3299 868 3354 Un
882 3297 1016 3371 principal
1031 3305 1058 3355 et
1071 3300 1121 3354 des
1134 3299 1305 3372 professenrs
1318 3300 1411 3355 reunia

343 3397 415 3452 dans
425 3414 480 3452 une
489 3403 577 3452 meme
586 3397 694 3452 maison
705 3397 859 3453 travaillent
866 3398 900 3452 de
910 3405 1020 3453 concert
1030 3397 1252 3454 al‘aranoement
1259 3399 1412 3472 desjeunes

345 3513 450 3568 gens...
472 3495 525 3563 Qui
543 3497 658 3552 doutera
673 3497 760 3569 qu'un
779 3496 882 3570 college
896 3496 987 3552 anime
1000 3498 1034 3552 de
1048 3504 1090 3553 cel
1104 3497 1190 3571 esprit
1203 3516 1239 3553 ne
1252 3499 1414 3554 adussissea

345 3599 409 3646 tous
424 3593 524 3664 e'gards
539 3592 603 3647 bien
616 3600 771 3649 autrement
784 3612 837 3666 que
851 3593 920 3648 celui
935 3597 971 3648 ou
982 3593 1006 3648 le
1015 3594 1148 3668 principal
1157 3602 1261 3651 testera
1270 3595 1337 3651 isole'
1348 3613 1412 3652 avec

345 3707 390 3744 ses
402 3689 622 3762 pensionnaires,
631 3692 724 3747 landis
736 3709 790 3765 que
800 3692 839 3746 les
849 3691 1021 3765 pmlesseurs
1032 3711 1067 3748 ne
1077 3695 1229 3766 paraitrout
1238 3694 1303 3766 qn'a
1311 3693 1413 3749 l'beure

345 3789 380 3844 de
397 3788 424 3844 la
442 3789 540 3859 classe,
559 3807 661 3847 comme
680 3793 729 3847 des
748 3794 860 3848 mailros
878 3794 913 3848 de
930 3794 1017 3849 danse
1032 3793 1079 3866 qui
1094 3793 1225 3854 riennenl
1238 3793 1346 3850 donner
1359 3811 1413 3850 une

348 3885 451 3954 lecon‘l
466 3909 481 3937 o

383 3998 410 4050 ’2.
422 3997 513 4050 Pieres
525 3995 700 4066 (imprime'es)
708 4014 780 4068 pour
792 3999 925 4055 l'bistoire
933 3999 1083 4062 d’Amiens,
1091 4005 1113 4053 t.
1123 3999 1145 4068 l,
1156 4016 1185 4071 p¹¹
1193 4001 1237 4054 lo.
1246 4031 1281 4039 -
1290 4000 1414 4073 Requete

348 4092 397 4145 des
417 4092 534 4148 officiers
554 4093 591 4147 du
608 4093 739 4166 Bailliage
758 4099 775 4150 a
793 4097 996 4170 Nosseignenrs
1010 4097 1049 4152 du
1065 4097 1229 4153 Pnrlennent.
1245 4097 1337 4164 Quum
1355 4097 1414 4152 illos

349 4197 510 4245 accusarent
525 4191 613 4263 blajor
627 4191 787 4264 scabinique
805 4200 832 4250 et
850 4195 914 4250 novi
934 4195 1048 4268 Collegii
1066 4195 1192 4269 magistri
1206 4196 1281 4268 quod
1297 4195 1331 4252 iis
1344 4194 1414 4269 ipsis
