3096 5088
616 668 650 677 ..
671 624 759 692 31'..

155 787 366 877 c'entibus'que
379 784 518 856 maxime
532 779 727 879 plerumque
740 787 919 896 prodesse‘.l
935 788 975 855 rlt
987 809 1061 857 vero
1076 807 1221 894 quaeren-

155 905 232 973 dum
258 917 305 974 est
333 927 374 972 an
398 907 573 996 pr¹'¹,olessor
599 907 655 996 qui
676 907 824 973 alumnos
848 889 936 972 donri
959 915 1080 989 tuetur,
1102 904 1221 973 sensim

155 1021 286 1106 inritus,
314 1022 404 1090 oneri
428 1022 546 1111 impar,
575 1043 613 1091 eo
637 1021 772 1112 perduci
795 1020 896 1111 possit
924 1032 959 1088 ut
985 1020 1086 1089 labori
1111 1031 1224 1109 parcat

156 1137 398 1228 discipulosque
421 1139 571 1226 neglegat
594 1148 626 1206 et
644 1149 805 1226 quaestum
825 1137 858 1204 in
875 1136 989 1227 primis
1009 1136 1117 1221 iaciat,
1135 1157 1225 1204 nrore

156 1254 346 1322 mercatoris
358 1255 418 1338 vel,
435 1266 471 1321 ut
483 1254 520 1322 fit
530 1254 706 1338 interdum,
720 1253 910 1342 Principalis
925 1239 1055 1343 sumptu
1064 1274 1130 1320 «suo
1145 1272 1230 1320 con-¹

157 1369 327 1437 victorium
344 1369 611 1439 administrantis.
628 1369 711 1450 Quin
729 1369 773 1437 it'a
787 1391 820 1438 sc
836 1369 1223 1458 gerendoiortunassuas
1280 1463 1282 1467 Ι

158 1486 332 1577 arnplilicet
343 1487 553 1555 nonduhium
566 1498 634 1570 est;
645 1487 704 1556 sed
718 1486 914 1555 timendum
911 1507 951 1554 ne
963 1486 1085 1576 aliquid
1100 1508 1137 1554 ex
1154 1486 1182 1575 ej
1188 1508 1231 1556 us

158 1603 349 1671 auctoritate
366 1603 452 1693 apud
472 1603 678 1694 scholasticos
694 1603 996 1732 existimationeque
1012 1603 1098 1696 apud
1112 1605 1224 1672 omnes

158 1719 415 1788 imminuatur.
616 1733 618 1736 ’
715 1731 717 1738 ’
1272 1711 1273 1714 '

167 1899 170 1906 ,
203 1836 322 1922 Quum,
342 1858 454 1905 norem
472 1847 545 1927 post
561 1852 673 1922 annm,
697 1861 714 1905 c
734 1858 799 1906 non
818 1845 978 1905 constaret
994 1834 1231 1904 convictorium·

160 1966 225 2023 tam
245 1966 391 2046 optatum
414 1980 443 2040 a,
466 1954 637 2025 Curatores
655 1967 690 2024 ut
710 1983 723 2018 c
743 1956 899 2024 Recessus
917 1961 931 2016 i
951 1955 1125 2039 locaretur,
1144 1954 1225 2022 etin

160 2071 337 2160 Collegium
353 2072 526 2142 duodecim
540 2074 645 2163 capati
661 2073 925 2156 transferrentur,
945 2082 1129 2140 statuerunt
1141 2070 1169 2158 ¹,
1180 2071 1233 2137 Eo'

160 2200 268 2257 autem
288 2179 432 2279 tempore
457 2189 616 2279 Episcopo
640 2187 745 2257 or'anti
770 2197 807 2254 ut
830 2187 899 2254 hoc·
916 2186 1054 2257 aedilicio
1079 2185 1144 2253 irui
1165 2184 1234 2253 sibi

158 2305 281 2390 liceret,
306 2329 318 2370 c
339 2323 404 2395 qno
423 2327 457 2374 se
472 2305 652 2396 reciperent
672 2303 854 2372 scholastici
875 2303 1041 2375 rusticani„
1050 2303 1170 2393 passim
1192 2303 1234 2369 in

160 2422 245 2490 Urbe
258 2423 344 2513 apud
358 2423 500 2512 privatos
514 2421 617 2511 sparsi
632 2443 662 2506 r,
681 2420 852 2490 Curatores
865 2432 1063 2489 annuerunt.
1084 2448 1097 2482 α
1114 2419 1226 2490 Melius

103 2655 105 2658 ·
161 2659 176 2704 «ς
191 2638 306 2692 De-tous
321 2653 373 2692 nos
386 2635 509 2709 Colleges
520 2635 554 2691 de
565 2634 698 2691 Province
708 2634 775 2691 celui
787 2635 927 2692 d'Amiens
939 2639 991 2706 est,
1001 2653 1069 2692 sans
1080 2633 1235 2705 contradit,

163 2753 199 2789 un
214 2734 263 2789 des
274 2733 365 2789 mieux
380 2736 531 2806 composes.
548 2733 569 2787 ll
583 2752 602 2806 y
615 2751 631 2788 a
644 2725 712 2789 trois
726 2732 901 2789 Proiesseurs
912 2733 945 2788 de
961 2751 1004 2789 ma
1017 2732 1227 2804 connaissance,

161 2840 224 2888 tons
239 2831 306 2889 trois
321 2832 408 2887 eleves
418 2831 478 2887 clel'
483 2831 679 2888 Universite'de
689 2831 767 2888 Paris
779 2834 933 2926 (leccatres
950 2834 1156 2914 lesontaussi),
1164 2840 1228 2889 tons

161 2916 228 2988 trois
253 2916 318 2986 d'un
343 2914 436 2986 merite
461 2928 619 3004 distingue3
644 2911 682 2988 Μ
708 2911 855 2988 Cossart...
862 2931 930 3002 ,.M
954 2931 1043 2988 l’abbe
1063 2933 1097 2987 de
1117 2931 1214 2988 Lille...
1197 2975 1227 3002 ..,

162 3031 200 3086 Μ.
215 3029 317 3087 Selis..
333 3030 384 3086 Ces
399 3028 573 3086 Proiesseurs
587 3047 616 3086 se
627 3036 689 3086 sont
704 3030 798 3085 reunis
811 3048 875 3087 avec
885 3030 958 3086 leurs
974 3031 1138 3108 Conireres„
1143 3047 1230 3104 ,pour

160 3130 260 3186 former
275 3147 309 3185 en
324 3146 451 3186 commun
467 3148 504 3186 un
521 3129 712 3189 Pensionnat..
717 3151 749 3185 s
765 3129 808 3210 lln
820 3136 904 3186 avant
905 3148 956 3205 age
966 3129 1140 3205 particulier
1132 3149 1148 3186 a
1159 3136 1230 3186 cette
1300 3123 1301 3126 '

161 3228 279 3300 maison,
295 3229 362 3286 c’est
374 3247 427 3302 que
441 3210 480 3286 les
495 3217 708 3287 Pensionnaires
724 3236 797 3301 sont,
813 3248 848 3286 en
863 3231 954 3308 classe⁴
964 3239 991 3288 et
1006 3233 1071 3288 hors
1086 3231 1120 3287 de
1131 3230 1228 3300 classe,

162 3311 230 3383 sous
242 3326 282 3382 les
297 3345 371 3401 yeux
386 3328 435 3384 des
455 3332 557 3384 memes
572 3328 695 3398 Maitres,
714 3344 764 3400 par
782 3330 962 3401 consequent,
983 3327 1107 3402 toujours
1126 3326 1229 3402 diriges

163 3424 259 3499 parles
270 3431 371 3482 memes
381 3426 529 3500 principes.
541 3426 593 3482 Les
605 3428 755 3482 caracteres
766 3430 830 3481 sont
840 3425 932 3482 mieux
942 3443 1060 3496 connus,
1071 3425 1111 3481 les
1121 3425 1230 3481 devoirs

163 3522 255 3579 miens
276 3523 396 3598 corriges
415 3541 464 3598 par
483 3523 507 3580 le
526 3523 685 3580 Prosessenr
706 3522 754 3597 qui
773 3523 812 3579 les
834 3542 850 3580 a
870 3525 976 3580 donnes
995 3523 1165 3583 lui-meme...
1187 3515 1238 3580 On*

163 3628 226 3678 sent
244 3604 334 3696 quelle¹
350 3622 511 3696 superiorite
529 3627 599 3678 cette
614 3621 722 3678 Maison
742 3621 800 3678 doit
814 3621 889 3678 avoir
905 3640 952 3678 sur
966 3621 1044 3678 celles
1061 3622 1148 3678 cules
1164 3621 1230 3676 Dis-

163 3721 246 3796 ciples
266 3704 384 3779 seraient
402 3723 504 3779 confles
524 3727 540 3778 a
559 3724 607 3778 des
627 3723 739 3778 Maitres
758 3722 940 3792 subalternas,
960 3740 1013 3796 peu
1038 3739 1155 3799 connus,
1176 3738 1229 3794 peu

164 3822 362 3896 experimentes
380 3823 451 3878 dans
469 3821 529 3878 l'art
547 3821 571 3878 si
590 3822 699 3881 difficile
719 3824 752 3879 de
771 3840 924 3896 gouverner
942 3823 968 3878 la
982 3823 1125 3892 Jeunesse,
1138 3828 1165 3878 et
1182 3820 1229 3894 qui

166 3928 283 3980 souvent
295 3927 391 3994 meme,
408 3929 493 3996 ayant
506 3921 555 3978 fait
567 3923 615 3978 des
631 3923 727 3978 eludes
741 3922 890 3978 mediocres
905 3939 938 3978 en
954 3919 1096 3989 Province,
1113 3937 1148 3974 ne
1160 3936 1229 3992 peu-

166 4027 231 4077 vent
245 4015 297 4094 une
306 4011 417 4077 ¹donner
431 4022 465 4078 de
481 4021 605 4079 mauvais
618 4005 755 4096 principes
769 4022 803 4078 de
818 4025 896 4094 gont,
915 4025 942 4076 et
955 4017 1162 4091 communiquer
1176 4035 1230 4074 une

166 4119 374 4192 pronunciation
390 4119 518 4176 vicieuse.
536 4142 550 4173 a

204 4223 228 4272 l.
245 4219 325 4276 Archa
345 4222 408 4292 Dep.
426 4220 459 4276 D.
477 4223 502 4275 3.
519 4219 537 4273 f.
555 4221 599 4288 82,
616 4221 631 4274 6
647 4223 713 4275 aoht
728 4222 805 4274 trra.
