3096 5088
801 609 941 664 ..pg-

340 761 466 846 sisseut,
497 762 687 852 Principalis
716 785 750 832 se
769 761 951 856 faciliorem
979 763 1183 853 praebuisset,
1210 742 1406 834 Parlamenti
1444 756 1446 761 ’

341 879 475 966 legatus,
489 878 574 947 uelut
583 891 693 969 postea
707 879 751 948 Lu
766 881 929 964 Rusones,
943 901 1006 947 uon
1019 880 1180 971 impotens
1193 881 1255 964 sui,
1270 883 1407 951 callidus

341 1006 521 1084 cautusque
537 995 661 1080 luisset,
678 1018 727 1064 res
745 1017 809 1064 non
827 997 929 1064 multo
947 996 1061 1064 melius
1077 1018 1109 1064 se
1129 997 1305 1066 habuisset.
1323 999 1405 1066 Nam

341 1098 667 1200 cotragiis'ejusmott
685 1111 749 1180 drrx
771 1134 855 1179 untrs
874 1134 938 1180 non
960 1123 1109 1202 praeerat,
1129 1113 1184 1202 qui
1201 1113 1297 1181 simul
1317 1115 1407 1182 arbi-

340 1237 424 1294 tratu
445 1227 656 1317 periculoque
676 1249 735 1295 suo
752 1249 789 1296 ea
803 1249 912 1316 regere
934 1240 1053 1318 posset.
1074 1230 1174 1297 Neca
1196 1217 1342 1318 pluribus
1361 1231 1407 1299 ita

338 1353 492 1431 peccatur
508 1363 571 1410 una
591 1354 625 1411 ut
643 1343 676 1410 in
695 1343 841 1411 omnium
863 1344 967 1432 capita
985 1357 1117 1412 eventus
1140 1346 1272 1414 recidat.
1292 1347 1406 1436 ltaque

341 1460 405 1526 uon
429 1477 546 1546 magno
565 1460 660 1527 taedio
682 1461 816 1528 fuerunt
837 1459 1048 1528 dictatoribus
1069 1461 1205 1529 crimina
1227 1484 1246 1529 a
1265 1463 1406 1552 praeside

340 1564 629 1644 Rottuuu'accrbe
650 1576 748 1643 illata.

384 1708 443 1776 Cui
471 1710 707 1798 responderunt
726 1732 790 1778 non
812 1709 881 1778 sine
904 1711 1097 1780 uerecundia
1122 1724 1294 1801 querentes
1316 1716 1404 1802 quod

341 1851 357 1888 a
377 1835 510 1915 propter
525 1825 685 1924 privatam
705 1825 900 1894 delationem
927 1849 1000 1895 cum
1025 1849 1063 1896 eo
1082 1849 1146 1896 non
1163 1827 1231 1917 jam
1254 1828 1287 1896 in
1308 1831 1405 1898 laude

328 1922 368 2009 ¹et
395 1941 497 2028 gratia
525 1955 641 2026 essent,
668 1953 764 2031 atque
789 1943 930 2028 indiciis,
955 1955 991 2011 ut
1017 1943 1236 2029 clandestinis,
1263 1945 1307 2012 ita
1332 1967 1406 2014 sus-

339 2058 452 2147 pectis,
482 2079 675 2148 semperque
705 2080 741 2126 ex
759 2059 871 2126 eodem
891 2061 978 2128 fonte
999 2060 1186 2145 fluentibus,
1210 2083 1304 2129 aures
1328 2083 1405 2130 suas

339 2156 478 2242 dedisset
498 2201 535 2272 a..
555 2174 645 2242 Adde
672 2175 951 2269 quodnunquam
985 2204 998 2238 c
1026 2177 1158 2244 tutelam
1185 2176 1324 2245 alienam
1351 2177 1406 2246 de-

338 2301 506 2358 trectare»
529 2291 561 2358 in
582 2290 690 2389 animo
711 2291 917 2360 habuerint¹.

340 2459 344 2468 ·
382 2416 464 2483 Turn
493 2437 566 2484 vero
596 2417 742 2506 asperius
771 2419 879 2486 retulit
903 2419 1056 2487 liutmun
1086 2419 1272 2487 «nonsibi
1299 2420 1403 2488 otium

310 2589 311 2592 ,
338 2554 407 2600 esse
427 2533 601 2624 accurandi
621 2532 796 2620 Collegium
821 2534 865 2602 ita
885 2535 973 2601 utin
996 2533 1132 2622 singulis
1157 2537 1345 2604 consisteret
1370 2559 1401 2620 a,

338 2669 439 2738 quum
463 2661 571 2742 autem
598 2649 731 2736 collegia
755 2650 787 2716 in
815 2672 853 2718 eo
879 2664 982 2719 essent
1008 2651 1183 2719 utiterum
1208 2653 1403 2720 Parlamenti

338 2765 529 2858 consiliariis
548 2765 835 2850 distribuerentur,
863 2791 876 2830 u
902 2767 962 2834 sibi
985 2767 1153 2835 nitendum
1175 2780 1297 2836 esseut
1318 2791 1403 2836 unus

338 2881 474 2974 quilibet
492 2903 529 2950 ex
549 2881 588 2950 iis
604 2882 683 2949 illud
699 2893 782 2972 onus
801 2883 1005 2972 susciperet2
1022 2910 1051 2952 u.

380 3009 594 3077 Vehementer
627 2989 685 3077 sua
712 3010 781 3077 rice
814 3011 977 3100 querelam
1008 3011 1193 3078 babuerunt
1229 3011 1403 3080 Curatores

340 3125 412 3192 cde
435 3125 612 3214 superioris
637 3126 723 3193 illius
745 3126 893 3209 libidine,
919 3127 957 3194 ad
983 3127 1276 3194 administrandum
1300 3127 1405 3196 Colle-

337 3241 439 3335 gium,
462 3254 497 3308 ut
513 3241 578 3310 veri
598 3242 702 3310 simile
723 3254 782 3326 est,
801 3243 842 3310 ob
859 3243 1041 3310 doctrinam
1057 3264 1229 3332 moresque
1245 3245 1402 3332 prouecti,

336 3357 392 3424 sed
422 3358 552 3448 iugenio
583 3359 736 3447 superbo,
767 3357 832 3426 acri
865 3359 1066 3448 fervidoque,
1101 3359 1140 3426 ad
1173 3359 1402 3449 imperandum

374 3592 398 3643 t.
416 3589 495 3644 Arcb.
509 3591 571 3661 Dap.
584 3591 617 3646 D.
631 3593 673 3644 ta.
686 3589 791 3646 Liasse.
804 3589 896 3662 Prujet
907 3591 941 3644 de
953 3591 1116 3662 repousedu
1128 3591 1236 3646 Rureuu
1249 3589 1403 3662 bRollaud,

337 3688 410 3759 (vers
425 3687 448 3741 le
463 3675 496 3742 22
511 3675 584 3742 mars
601 3688 690 3758 1783).
710 3719 740 3728 —
757 3689 875 3760 Appeud.
891 3689 951 3744 Vll.

372 3789 398 3839 2.
419 3785 486 3840 lbid.
508 3785 598 3840 Lettre
617 3786 650 3840 de
670 3785 787 3842 Rolland
806 3787 844 3840 du
864 3789 879 3839 6
899 3785 953 3841 mai
974 3789 1098 3843 17831«
1120 3787 1201 3842 Etant
1220 3792 1281 3860 trop
1301 3791 1405 3860 occupd

336 3909 404 3964 pour
419 3891 533 3964 pouvoir
549 3891 640 3947 suirre
655 3892 693 3948 les
708 3893 804 3949 details
820 3895 853 3948 de
873 3900 948 3950 votre
964 3895 1074 3968 college,
1091 3912 1193 3951 comme
1210 3911 1280 3950 nous
1297 3895 1403 3951 devons

335 3990 402 4045 faire
416 4008 461 4045 ees
471 3990 591 4063 jours-ci
607 4009 660 4045 une
676 3992 797 4047 nouvelle
809 3993 969 4064 re'partitiou
980 4000 1056 4049 entre
1068 4011 1148 4063 nous,
1159 3993 1186 4066 je
1198 4011 1266 4048 vous
1277 3993 1404 4065 previous

336 4105 389 4159 que
401 4088 428 4160 je
439 4087 562 4143 ,techerai
578 4087 727 4162 d'eugager
744 4090 893 4163 quelqu'un
910 4092 943 4146 de
963 4091 1031 4148 MM.
1049 4093 1081 4147 de
1097 4109 1153 4148 mes
1169 4091 1305 4148 consecres
1325 4091 1359 4146 de
1375 4109 1405 4147 se

336 4185 451 4261 oberger
466 4186 502 4241 du
519 4188 605 4244 rotro.
623 4207 635 4238 u
