3094 5100
768 587 909 643 ..gq-

309 727 433 811 maticae
450 743 663 832 professorem
683 743 764 810 lorte
781 763 846 810 non
862 742 902 810 ad
920 735 1114 810 rhetoricam
1130 737 1273 810 hahilem
1290 741 1378 810 sore.

308 859 403 942 Quid,
426 860 451 928 si
470 871 577 948 partes
593 859 679 927 illius
698 860 808 928 rhetor
825 859 989 948 suscipere
1008 859 1124 926 rellet‘l

352 974 388 1040 ln
420 994 546 1041 summa
576 972 748 1042 Curatores
781 975 856 1042 hinc
890 974 1013 1063 aliquid
1046 974 1252 1042 instituerant
1285 975 1380 1063 quod

307 1090 441 1157 minime
466 1090 580 1158 studiis
606 1091 813 1173 conduceret,
840 1090 929 1158 illinc
956 1091 1138 1160 haesitando
1159 1101 1377 1174 tentaverant,

307 1208 417 1296 lingua
434 1209 532 1276 latina
552 1209 689 1291 sublata,
709 1209 771 1276 iter
789 1209 928 1298 physicae
947 1210 1074 1298 aperire
1094 1231 1282 1299 quousque
1301 1232 1381 1299 pro-

308 1325 448 1408 cederet,
471 1325 613 1393 scientiis
634 1325 784 1393 omnibns
805 1325 1045 1409 comitantibus
1067 1326 1111 1394 ila
1131 1337 1168 1393 ut
1190 1347 1255 1394 non
1278 1327 1384 1413 longe

307 1441 447 1509 abfuerit
462 1441 541 1530 quin
554 1441 627 1510 nori
640 1441 766 1528 generis
779 1441 962 1531 disciplina,
976 1442 1084 1510 latinis
1098 1442 1229 1532 quidem
1246 1443 1380 1530 graecis·

308 1579 371 1647 que
391 1557 506 1626 litteris
525 1558 648 1641 orbata,
668 1558 722 1626 sed
743 1558 845 1645 magis
864 1559 903 1625 ad
924 1542 1128 1628 necessitates
1147 1559 1219 1626 rita
1240 1559 1374 1644 idonea,

304 1675 372 1764 jam
389 1686 532 1743 extremo
547 1675 808 1742 duodevicesimo
825 1676 943 1743 saeculo
959 1676 1178 1744 inchoaretur.
1390 1753 1393 1759 ¹

352 1788 383 1856 Si
400 1810 475 1856 vero
493 1789 603 1856 civitas
619 1789 825 1873 Ambianum,
840 1790 903 1857 voti
921 1812 1064 1880 compoS,
1080 1790 1256 1878 Collegium
1272 1791 1376 1858 admi-

307 1904 446 1972 nistrare
462 1925 521 1994 per
532 1926 566 1971 se
580 1904 651 1994 ipsa
666 1904 835 1994 potuisset,
854 1918 940 1974 certe
955 1926 1036 1973 nova
1051 1906 1199 1995 quaedam
1215 1907 1374 1975 audacius

308 2023 420 2091 molita
439 2036 533 2092 esset.
555 2023 726 2092 Sententiis
748 2025 834 2092 enim
854 2025 1121 2114 philosophorum
1141 2025 1266 2094 imbuta
1285 2026 1376 2094 elfle-

307 2140 479 2228 gitantium
499 2141 583 2208 utin
605 2141 746 2228 collegiis
766 2142 871 2209 theses
891 2142 1003 2229 gallice
1022 2155 1318 2231 propugnarentur,
1340 2153 1374 2210 et

312 2287 325 2320 a
343 2258 456 2344 lingua
471 2259 639 2344 anglicana
655 2257 839 2348 italiaeque,
856 2259 937 2326 forte
954 2258 1050 2327 etiam
1067 2259 1251 2346 germanica
1266 2259 1373 2349 hispa-

306 2376 444 2465 nicaque
470 2400 500 2460 a,
523 2397 648 2444 necnon
673 2376 807 2444 historia
829 2376 1091 2466 geographiaque
1115 2377 1328 2445 edocerentur
1345 2377 1368 2460 ¹,

306 2489 1367 2581 atqueinsuperutilitatepropriastirnulata,abannollIlCCLXl,

307 2607 655 2697 antequam'Romaun
675 2616 706 2675 et
725 2607 856 2674 Gurrou
878 2627 919 2675 un
938 2607 1099 2674 Moavann
1120 2607 1218 2675 libros
1236 2628 1312 2676 suos
1331 2607 1370 2674 de

308 2723 513 2792 instituendis
526 2722 833 2813 puerisedidissent,
844 2723 995 2811 quumde
1007 2722 1370 2810 Collegioinstaurando

306 2839 506 2924 deliberavit,
531 2840 661 2924 diserte,
687 2851 806 2928 praeter
827 2839 901 2922 alia,
924 2851 1171 2928 proposuerat«
1194 2852 1231 2908 ut
1254 2841 1370 2908 classes

307 2976 419 3022 omnes
429 2953 536 3022 Sancti
547 2954 709 3021 Benedicti
722 2953 844 3021 ordinis
855 2955 1021 3022 monachis
1034 2955 1367 3039 committerentur,...

306 3072 350 3139 ita
373 3081 410 3138 ut
433 3070 456 3137 ii
481 3071 625 3158 linguam
652 3071 884 3158 germanicam,
913 3071 1113 3158 anglicanam
1142 3073 1367 3162 betarumque,

305 3181 584 3271 mathematicam,
617 3186 783 3255 historiam
814 3188 1109 3276 geographiamque
1138 3188 1368 3277 praeciperent,

305 3306 394 3372 nulla
413 3305 573 3394 impensa,
591 3305 687 3372 nullis
707 3303 915 3391 vectigalibus
937 3304 1055 3370 civitati
1075 3304 1319 3393 superadditis²
1338 3329 1366 3372 a.

350 3422 382 3490 Si
393 3424 476 3489 hane
485 3421 731 3509 magistratuum
745 3420 989 3510 municipalium
1001 3421 1232 3511 parsimoniam
1242 3421 1369 3500 solitam

306 3538 466 3622 omiseris,
485 3537 696 3606 nihilominus
718 3559 871 3625 agnosces
893 3559 946 3605 eos
967 3558 1122 3604 nouarum
1148 3558 1257 3604 rerum
1278 3537 1370 3625 cupi-

306 3656 455 3724 dissimos
483 3653 593 3722 luisse.
620 3655 767 3722 Attamen
789 3654 898 3721 civitas
924 3653 1044 3738 minus,
1067 3664 1103 3720 ut
1127 3638 1368 3736 mihi'ridetur,

304 3773 448 3841 historiae
480 3770 750 3860 geographiaeque
778 3771 906 3839 curiosa
936 3784 1005 3838 erat
1032 3793 1129 3859 quam
1160 3769 1369 3838 scientiarum

305 3890 433 3957 illarum
446 3909 462 3956 e
474 3888 592 3978 quibus
605 3889 746 3954 fructum
761 3888 903 3976 aliquem
914 3887 1151 3977 excerpendum
1163 3907 1232 3956 esse
1245 3885 1370 3975 sperari

342 4083 368 4136 1.
385 4078 418 4134 V.
434 4077 638 4149 Encyclopddie,
654 4081 705 4132 art.
724 4077 837 4147 Colldpe,
854 4075 903 4146 III,
921 4079 999 4132 1753.

341 4177 366 4230 2.
384 4173 463 4229 Aret.
481 4175 555 4229 Corn.
574 4173 631 4228 ΒΒ.
649 4177 692 4241 86,
708 4172 726 4227 1.
745 4175 794 4227 tot
811 4178 838 4227 et
853 4190 907 4244 sq.,
923 4176 957 4228 29
973 4172 1082 4228 octobre
1098 4176 1174 4229 trel.
