3096 5088
787 630 927 686 ..34-

322 777 424 852 cerasa*
440 774 477 867 fv,
499 777 585 852 anno
604 780 858 870 nocetam,
880 785 922 853 ad
945 786 1096 876 parentes
1113 786 1230 856 lssveros
1250 789 1388 857 remisit,

317 895 495 968 Curatores
512 887 749 985 vor0,'tandem
766 900 943 989 defatigati,
961 901 1174 998 decreverunt
1186 915 1222 971 ut
1241 905 1390 998 a'llcces·

319 1035 377 1086 'sus
392 1043 423 1101 v,
441 1039 547 1108 nuper
563 1039 689 1086 summa
704 1017 854 1108 impensa¹
867 1020 1017 1103 relectus,
1032 1021 1080 1088 vel
1092 1020 1245 1108 gratuito,
1263 1021 1290 1089 si
1306 1043 1390 1111 opus

318 1145 416 1218 esset,
438 1135 677 1203 condonaretur
698 1163 713 1196 v
736 1135 793 1203 ani
812 1131 843 1204 et
861 1133 953 1204 alteri
970 1136 1144 1225 professori
1164 1136 1309 1225 Collegii,
1332 1144 1388 1205 aul

322 1242 583 1341 quibuscumque
613 1247 737 1320 clericis
761 1250 866 1339 dignis
894 1251 1012 1320 habitis
1040 1253 1096 1341 qui
1122 1274 1241 1342 pueros
1265 1254 1389 1321 alerent

282 1443 284 1448 ,
314 1367 561 1456 educarentque
574 1368 583 1409 ¹
596 1395 625 1450 r.
641 1369 679 1436 At
692 1379 803 1445 eontra
811 1365 1001 1458 Principalis
1010 1351 1135 1438 occulte
1144 1370 1386 1438 Parlavnenlurn

319 1483 352 1550 in
372 1505 427 1552 eos
447 1484 594 1553 accendit
613 1496 649 1552 ut
665 1484 746 1552 nihil
767 1497 927 1572 ageretur.
1224 1487 1228 1494 ’
1274 1489 1277 1496 “
1358 1492 1362 1496 ’

363 1611 558 1678 Parlamenti
584 1595 695 1678 tamen
719 1613 815 1678 nemo
836 1632 901 1678 non
921 1611 1044 1699 legatus
1071 1602 1265 1680 convictorio
1292 1612 1386 1680 insti-

318 1727 438 1794 tuendo
451 1749 550 1816 quam
564 1713 703 1795 maxime
716 1727 852 1795 favebat.
868 1727 1018 1806 Quamvis
1031 1728 1116 1796 enim
1129 1722 1275 1798 Roussnn
1289 1749 1330 1796 nu
1344 1750 1385 1796 nn

317 1844 408 1911 Toun
434 1843 593 1934 Episcopo
614 1844 764 1933 quaedam
787 1843 918 1931 Collegii
932 1833 1077 1912 'aedificia
1101 1843 1263 1913 invadenti
1282 1845 1384 1914 obsti·

316 1959 417 2043 tisset,
434 1961 630 2028 convictores
642 1947 841 2029 necessarios
856 1982 924 2028 esse
938 1961 1105 2029 sentiebat.
1120 1962 1247 2045 ullum,
1261 1961 1381 2050 inquit,

316 2076 459 2144 minimae
484 2077 581 2145 urbes
599 2077 781 2166 collegium,
804 2077 837 2144 in
862 2098 927 2166 quo
952 2067 1080 2145 alanlur
1099 2067 1297 2161 scholastici,
1320 2077 1384 2144 sibi

316 2205 469 2282 expetunt
485 2215 582 2283 qnam
601 2179 884 2283 perfectissimum,
903 2204 1009 2262 cavete
1027 2193 1149 2262 nc'dici
1167 2193 1269 2283 possit
1285 2194 1383 2261 colle-

314 2309 403 2396 gium
424 2311 515 2378 urbis
535 2305 739 2401 episcopalis,
758 2309 844 2399 quod
866 2310 997 2398 quidem
1015 2302 1111 2400 capul
1130 2321 1177 2378 est
1192 2307 1380 2400 provinciae,

315 2437 350 2493 ut
369 2426 409 2493 ab
430 2427 521 2516 initio
542 2428 658 2520 sertur2
679 2427 808 2495 dotibus
830 2426 952 2514 ingenii
973 2427 1117 2516 praeditae
1138 2426 1318 2516 habilisque
1339 2427 1381 2494 ad

307 2539 423 2610 'omnes
440 2543 603 2634 doctrinas
616 2543 818 2627 excolendam,
833 2523 1032 2632 insuperque
1045 2543 1164 2612 divitiis
1177 2521 1261 2612 inter
1273 2555 1381 2612 cetera

309 2641 496 2744 abundans,
513 2681 578 2728 non
597 2661 780 2729 absolutum
799 2658 950 2748 relinqui.
974 2683 987 2724 o

358 2787 531 2876 Postquam
548 2786 599 2854 his
615 2785 719 2853 verbis
738 2786 930 2854 (iuratorum
947 2784 1132 2884 superbiam
1153 2786 1302 2854 adulatus
1316 2798 1378 2867 est,

313 2903 352 2972 de
369 2925 404 2971 re
421 2902 492 2992 ipsa
507 2901 654 2974 disserit:

359 3050 375 3094 v
392 3028 432 3095 Ut
446 3028 486 3094 ad
503 3048 645 3115 unguem
663 3026 1011 3117 institutiopuerorum
1029 3027 1159 3117 publica
1175 3026 1378 3118 perficiatur,

302 3165 441 3213 necesse
464 3155 512 3212 est
536 3137 663 3232 singula
686 3165 824 3234 quaeque
847 3143 1043 3233 provideas:
1071 3165 1135 3240 quo
1155 3155 1249 3235 pacto
1265 3165 1379 3213 omnes

310 3261 404 3352 pueri
428 3283 502 3330 cunr
524 3261 675 3330 omnibus
698 3261 861 3348 magistris
883 3261 916 3326 in
936 3260 1069 3330 ecclesia
1087 3259 1221 3350 propria
1238 3237 1376 3347 collecti,

310 3380 431 3468 populo
442 3379 571 3446 excluso
583 3399 624 3446 ne
637 3376 771 3467 quoquo
783 3378 910 3446 modoa
925 3377 1173 3464 cogitationibus
1188 3390 1377 3463 avocentur,

309 3595 446 3669 Principal
465 3613 494 3651 se
510 3595 605 3669 joigne
625 3614 680 3651 aux
692 3595 869 3669 prolesseurs
888 3612 959 3667 pour
976 3593 1048 3650 tenir
1065 3594 1090 3650 le
1109 3595 1284 3668 pensionnat,
1299 3593 1332 3650 ils
1352 3594 1377 3651 le

309 3692 429 3759 peuvent
443 3685 515 3741 seuls
528 3704 534 3754 ;
552 3685 608 3740 s'ils
625 3704 658 3741 ne
671 3692 734 3741 sont
743 3703 793 3758 pas
806 3702 839 3739 en
853 3689 908 3740 e'tat
919 3685 981 3740 d'en
993 3684 1060 3740 faire
1069 3684 1109 3740 les
1119 3692 1236 3741 araneas
1246 3701 1300 3739 non
1309 3683 1376 3756 plus

303 3794 361 3847 que
376 3774 399 3829 le
412 3775 531 3844 Bureau‚
543 3776 570 3847 je
585 3775 643 3829 suis
657 3775 791 3847 persuade
807 3791 860 3846 que
875 3781 950 3831 voire
962 3776 1026 3845 (sic)
1041 3792 1071 3829 se
1081 3773 1212 3847 preterait
1226 3772 1376 3835 volontiers

308 3865 454 3916 aavaneer
468 3861 517 3914 des
532 3861 623 3928 fonds,
640 3859 714 3914 enlin
730 3877 765 3914 on
780 3859 903 3932 pourrait
921 3859 988 3914 faire
1006 3877 1044 3914 un
1059 3866 1187 3933 emprunt
1200 3858 1265 3914 elle
1278 3857 1375 3914 Perle-

307 3956 382 4005 ment
394 3967 424 4006 se
436 3949 566 4022 preterait
581 3947 787 4022 ahamologuer
797 3955 873 4005 votre
882 3948 1061 4006 deliberation
1074 3967 1143 4022 pour
1155 3953 1344 4020 cetemprunt.
1359 3972 1373 3999 »

307 4071 341 4082 -·-
356 4041 390 4096 D.
403 4044 428 4096 8.
442 4045 470 4096 6⁰
481 4039 620 4109 Me‘moire,
637 4043 716 4108 1783,
733 4042 766 4094 10
779 4039 999 4112 pensionnaires,
1015 4043 1050 4095 24
1064 4036 1373 4112 demi-pensionnaires,

308 4134 340 4184 12
353 4136 482 4201 repelles,
803 4133 806 4138 '
852 4128 855 4134 '
933 4133 935 4140 ’
1363 4137 1364 4141 ’

343 4232 368 4284 1.
384 4229 464 4284 Arch.
481 4230 545 4300 Dap.
562 4229 596 4284 D.
612 4231 637 4284 3.
654 4228 672 4282 f.
691 4232 751 4300 171,
769 4229 909 4286 ructuare
924 4233 1003 4286 1185.
