3096 5088
748 589 887 644 *24⁶

284 745 346 810 nec'
368 743 512 832 persaepe
536 742 609 809 libri
632 743 663 808 in
688 763 783 810 usum
806 742 1015 831 praemiorum
1039 743 1138 832 empti
1156 745 1354 832 'tempestive

283 859 509 948 pendebantur
521 859 542 926 ¹.
562 859 639 938 Quae
657 857 766 927 omnia
783 859 1014 948 impedimento
1027 859 1159 926 luerunt
1174 860 1353 948 quominus

284 999 334 1048 res
352 975 414 1044 iret
434 977 560 1044 melius

329 1093 432 1182 llajns
454 1104 560 1161 tamen
586 1093 741 1159 damnum
767 1092 875 1160 intulit
899 1092 986 1181 quod
1011 1091 1168 1180 magistri,
1194 1115 1259 1161 nen
1287 1095 1351 1184 ipsi

283 1208 471 1293 concordes,
491 1231 510 1276 a
528 1208 703 1298 Principali
724 1208 962 1298 discrepabant,
981 1209 1035 1275 bic
1052 1222 1159 1276 autem
1176 1231 1195 1276 a
1214 1209 1351 1279 Curato-

284 1327 387 1410 ribus,
419 1326 615 1415 quibuscum
642 1345 707 1392 nen
737 1324 957 1393 consentiebat
985 1325 1109 1412 legatus
1141 1327 1349 1410 Parlamenti,

284 1443 471 1510 dissidebat.
502 1441 563 1521 Qui
591 1442 715 1525 saltem,
746 1441 872 1530 primus
900 1441 985 1510 inter
1009 1462 1115 1531 parm,
1144 1442 1183 1510 ad
1213 1444 1350 1510 salntem

284 1559 415 1646 Collegii
436 1559 592 1626 interesse
610 1557 774 1646 adjutores
788 1579 863 1625 sues
879 1579 969 1625 neca
985 1579 1019 1625 se
1031 1579 1091 1626 nec
1103 1558 1143 1625 ab
1156 1559 1226 1627 aliis
1242 1560 1350 1627 venari

283 1676 469 1763 intellegere
489 1674 663 1742 debuisset.
688 1674 805 1743 Contra
824 1675 925 1742 lateor
943 1675 1013 1742 illos
1035 1674 1067 1742 in
1087 1677 1258 1764 praesulem
1279 1671 1349 1744 ma-

283 1792 413 1874 levolos,
430 1803 550 1859 temere
570 1791 781 1880 conscriptos,
800 1790 931 1878 Collegii
948 1812 1064 1880 parum
1080 1791 1253 1875 studioses,
1267 1793 1349 1860 nibil

283 1907 370 1975 uliud
392 1909 562 1997 plerosque
584 1917 710 1996 optasse
729 1907 791 1974 nisi
812 1918 848 1974 ut
869 1928 966 1996 quam
990 1898 1156 1976 celerrime
1179 1905 1233 1975 ille
1257 1929 1349 1976 exce-

283 2025 409 2092 derent.
1305 2008 1307 2012 ¹

289 2143 290 2149 ’
329 2140 500 2209 Curatores
521 2162 595 2208 rere
619 2139 752 2208 forsitan
780 2161 844 2207 non
868 2161 922 2208 eos
944 2140 1005 2209 sibi
1029 2162 1163 2230 prorsus
1187 2141 1351 2230 subjectos

283 2258 323 2324 ah
344 2256 521 2347 importuni
544 2256 635 2324 ducis
652 2255 770 2344 jurgiis
796 2256 872 2324 satis
890 2257 962 2324 tuiti
986 2268 1073 2324 suut.
1096 2257 1244 2325 Ceterum
1271 2258 1347 2346 ipsi,

284 2395 324 2441 ne
355 2373 395 2441 de
424 2373 554 2441 offensis
584 2373 869 2462 simultatibusque
899 2373 1044 2462 privatis,
1075 2374 1194 2462 quibus
1219 2374 1349 2442 obnoxii

282 2501 398 2557 natura
416 2500 519 2573 erant,
536 2489 732 2557 mentionem
746 2488 874 2572 faciam,
892 2509 969 2573 nen,
985 2501 1142 2578 quantum
1160 2489 1348 2573 veluissent,

283 2607 323 2673 de
343 2605 482 2692 Collegio
506 2606 588 2673 bene
608 2604 725 2673 mereri
744 2616 933 2694 potuerunt.
957 2605 1108 2684 Quamvis
1129 2606 1215 2673 enim
1232 2619 1274 2674 'ex
1296 2627 1349 2673 ar-

176 2757 177 2760 *
282 2722 380 2789 bitrio
415 2743 473 2788 sue
504 2721 537 2788 id
571 2721 799 2788 administrare
828 2721 1026 2805 viderentur,
1061 2722 1087 2789 si
1116 2722 1348 2790 nonnullorum

284 2837 514 2924 magistrorum
541 2838 790 2921 contumaciam,
821 2837 873 2905 eui
892 2839 1000 2906 frenos
1028 2838 1195 2927 imponere
1219 2838 1346 2920 licebat,

284 2953 500 3043 inertiamque
517 2954 709 3043 Principalis
722 2953 937 3022 molestiorem
955 2955 1095 3038 omittas,
1111 2977 1129 3022 a
1146 2955 1349 3022 Parlamento

284 3070 427 3157 vigilanti
444 3071 618 3160 invideque
632 3093 670 3139 ne
684 3072 897 3160 precederent
911 3083 999 3140 extra
1015 3065 1094 3140 lines
1111 3071 1225 3140 edictis
1241 3072 1352 3139 decre-1

284 3187 389 3277 tisque
410 3188 599 3255 constitutos
617 3188 884 3277 prohibebantur.

327 3305 374 3372 lld
394 3305 455 3384 hoc
476 3281 764 3372 demonstrandum
781 3326 845 3372 nen
859 3325 990 3372 necesse
1006 3316 1053 3372 est
1069 3303 1178 3372 multis
1195 3304 1349 3394 exemplis

283 3427 369 3490 utar.
393 3421 498 3500 Quum
523 3421 660 3510 epistula
687 3421 827 3511 quadam
855 3420 1006 3489 formali²
1039 3421 1119 3489 loir
1148 3442 1189 3489 na
1218 3421 1347 3488 Funuar

282 3539 479 3607 documenta
506 3539 701 3607 Parlamenti
729 3538 842 3626 legatis
871 3538 1009 3628 praeberi
1035 3537 1197 3626 jussisset,
1228 3537 1347 3626 quibus

282 3656 499 3724 inniterentur
511 3667 546 3723 ut
559 3656 598 3724 de
610 3655 814 3724 instituendis
824 3655 934 3745 pueris
948 3655 1154 3745 collegiisque
1165 3654 1204 3722 ad
1217 3653 1349 3722 Curiam

285 3885 317 3935 re
330 3879 437 3952 janvier
453 3883 520 3936 1767
534 3898 540 3934 :
556 3901 569 3929 u
586 3880 607 3934 ll
620 3886 662 3935 est
676 3881 713 3934 du
729 3879 791 3952 cinq
807 3879 943 3952 quartiers
958 3877 1205 3951 d'appointements
1221 3895 1274 3933 aux
1286 3894 1349 3950 pre-

284 3979 415 4047 l'esseurs,
433 3978 479 4049 qui
496 3982 668 4032 eux-memes
684 3978 796 4032 doivent
808 3977 919 4050 jusqu'a
933 3977 1006 4032 leurs
1019 3975 1154 4032 aliments.
1173 3999 1187 4026 »

321 4079 346 4130 l.
363 4076 442 4131 Arrb.
461 4078 523 4147 de.
542 4076 575 4131 D.
593 4080 619 4131 3.
636 4074 653 4130 l.
671 4080 714 4144 55,
732 4080 748 4130 4
763 4080 828 4130 aodt
844 4078 911 4130 troo
930 4092 936 4142 ;
953 4074 972 4132 f.
987 4080 1032 4145 25,
1054 4074 1185 4148 tujuiltet
1202 4078 1279 4130 1765.

320 4176 346 4228 2.
363 4177 395 4228 ll
410 4173 477 4228 avril
493 4177 571 4230 1783.
589 4173 668 4228 Arcb.
686 4176 750 4246 Dtp.
769 4174 804 4227 D.
819 4177 844 4229 8.
862 4173 966 4229 Liasse.
