3096 5088
744 622 885 677 ..18-

285 778 341 868 qni
356 781 571 869 partes'agere
587 775 709 867 primes
727 776 767 845 ad
784 774 989 868 disciplinam
1005 775 1177 867 studiaque
1193 775 1347 867 regenda,

285 896 421 984 collegas
438 895 612 979 monendo,
634 906 754 984 posset.
867 907 869 912 '
1082 903 1084 910 ’
1257 893 1260 900 ’
1351 915 1353 920 ’

330 1011 360 1080 Si
383 1033 449 1080 rem
470 1010 575 1101 prima
599 1011 707 1100 specie
723 1009 932 1099 judicaveris,
959 1010 1119 1079 civitatem
1138 1011 1173 1078 in
1193 1010 1349 1080 adminis-

286 1129 401 1198 trando
413 1128 553 1216 Collegio
565 1128 611 1195 ve'l
623 1125 778 1216 majorem
790 1126 958 1196 vel'saltem
972 1148 1109 1196 numero
1118 1126 1348 1216 suffragiorum

285 1251 397 1335 punem
418 1245 562 1313 futuram
590 1243 689 1312 fuisse
706 1243 899 1332 'cogitabis'
915 1245 1061 1334 Namque
1090 1244 1249 1334 Episcopo
1275 1245 1353 1329 soli,·

285 1361 355 1430 aliis
378 1360 502 1430 clericis
522 1381 589 1430 non
613 1359 855 1444 auxiliantibus,
881 1360 990 1428 decrat
1009 1360 1197 1450 imperium,
1224 1381 1349 1430 necnon

286 1488 317 1546 et
341 1477 529 1562 auotoritas,
552 1476 713 1566 Regisque
734 1476 846 1564 legetis
869 1476 934 1546 duo
960 1487 1086 1545 tantum
1111 1477 1265 1566 suffragia
1291 1477 1349 1544 tri-

283 1594 480 1663 buebantur.
492 1593 668 1682 Optimnles
679 1591 785 1661 aufem
797 1593 946 1683 perpetui
959 1592 1095 1662 civitatis
1107 1615 1174 1662 sune
1184 1591 1352 1683 privilegiu

285 1714 353 1780 una'
366 1707 578 1798 cnm‘Majore'
593 1708 791 1799 scabinoque
808 1721 844 1776 ut
856 1709 1077 1794 defenderent,
1095 1709 1349 1800 Principalisqne

285 1832 344 1896 sua
360 1825 589 1894 'censaeodem
610 1824 878 1910 inclinaret,'veri
899 1821 1107 1894 simillimum
1121 1838 1200 1894 eret.
1339 1821 1342 1828 ’

291 1972 294 2000 ῑ
329 1941 499 2012 Summum
520 1942 605 2010 enim
618 1940 798 2032 ¹imperinm
817 1941 988 2011 Curatores
1003 1939 1181 2010 obtinuisse
1196 1941 1354 2010 rideban-x

285 2071 351 2144 tur,
382 2059 502 2149 quibus
528 2058 638 2126 liceret
667 2057 805 2126 fortunis
830 2055 1057 2148 fructibusque
1084 2057 1215 2146 Collegii
1245 2055 1353 2140 abuti,

286 2179 359 2267 quee
372 2175 494 2261 civiles,
508 2178 545 2243 ut
557 2175 646 2259 olim,
663 2201 678 2239 r
694 2175 868 2266 antequam
879 2175 895 2242 J
899 2174 1010 2244 esuitoe
1023 2171 1201 2264 Collegium
1214 2175 1349 2263 ingressi
1417 2265 1418 2268 Ἴ

286 2293 382 2362 sunt¹
401 2320 432 2378 s,
454 2292 515 2361 sibi
532 2293 673 2380 gerenda
691 2313 760 2361 esse
775 2293 896 2360 frustra
914 2303 1109 2382 speraverat,
1131 2313 1169 2360 ac
1188 2288 1351 2381 Principa-

284 2412 360 2495 lem,
375 2410 581 2501 'profcssores
603 2409 814 2498 regentesque
834 2407 1004 2496 designare
1022 2405 1159 2498 locoque
1187 2405 1346 2492 amovere,

284 2526 464 2616 disciplinae
483 2525 664 2616 studiiSque
686 2525 866 2608 consulere,
889 2545 956 2593 uno
978 2521 1088 2608 verbo,
1113 2522 1289 2612 Collegium
1309 2519 1353 2592 ab

285 2642 374 2711 omni
390 2641 519 2710 vinculo
535 2643 677 2710 solutum
693 2641 933 2710 administrare.
951 2639 1012 2710 Sed
1027 2639 1237 2711 Curatoribus
1253 2641 1356 2708 simul

285 2780 323 2827 ac
339 2757 457 2827 civitati
475 2758 683 2850 impendebat
705 2757 874 2847 cujusdam
896 2757 1039 2848 preelecti
1059 2759 1170 2840 tutela,
1190 2757 1258 2847 qni,
1277 2757 1351 2824 Par·

284 2874 418 2943 lamenti
438 2875 581 2958 nomine,
602 2876 788 2965 quanquam
807 2875 929 2958 aberat,
946 2885 1052 2943 custos
1070 2873 1140 2942 fieri
1158 2873 1265 2964 posset
1281 2871 1352 2940 dili-

247 3023 249 3027 ·
286 2991 493 3080 gentissimns
511 3014 548 3060 ac
561 2991 818 3060 molestissimus.
837 2993 1011 3079 Postquam
1028 2991 1095 3059 fere
1112 2989 1221 3058 omnia
1237 2989 1351 3058 litteris

285 3108 469 3200 petentibus
486 3107 797 3198 multisqne'edictis
814 3107 1077 3202 praescriptisque
1087 3105 1111 3192 2,
1133 3106 1298 3196 praecipne
1310 3105 1349 3173 de

286 3322 333 3396 qui
348 3329 444 3380 serent
457 3326 473 3380 b
486 3341 607 3380 nommer
622 3341 671 3397 por
684 3323 724 3380 les
735 3323 864 3405 Bureeux
877 3321 1126 3380 d'ndministrotion
1142 3328 1235 3378 serent
1247 3321 1350 3378 choisis

285 3421 371 3495 parmi
379 3421 418 3477 les
428 3423 533 3492 nobles,
546 3421 585 3478 les
601 3428 711 3480 evocats
724 3428 751 3479 et
762 3423 837 3490 chefs
847 3423 881 3478 de
894 3421 992 3478 familie
1001 3421 1096 3479 vivant
1106 3421 1273 3490 noblement,
1284 3423 1349 3494 bgds

285 3521 319 3576 de
334 3525 422 3576 trente
436 3539 497 3592 ans,
513 3517 662 3576 domicilies
677 3522 747 3578 dans
762 3521 788 3577 lc
806 3521 866 3577 ville
883 3521 980 3595 depuis
1000 3521 1068 3578 trois
1088 3539 1138 3578 ens
1159 3539 1194 3578 eu
1213 3519 1303 3576 moins
1324 3525 1352 3574 et

286 3618 401 3692 n'eycnt
416 3636 537 3675 cucunes
553 3620 690 3677 fonctions
705 3619 752 3694 qui
768 3620 880 3700 exigent
894 3620 1035 3676 re'sidence
1045 3621 1115 3677 dens
1127 3638 1164 3675 un
1177 3625 1254 3676 autre
1267 3618 1348 3674 lieu.»

287 3748 320 3764 -
335 3699 415 3775 Arcb.
433 3719 496 3791 Dep.
514 3719 549 3774 D.
566 3721 591 3773 3.
607 3718 626 3774 f.
644 3723 706 3775 168.
722 3718 851 3792 Registre
865 3719 914 3774 des
930 3719 1123 3776 deliberations
1145 3719 1179 3774 de
1200 3716 1351 3774 Messieurs

287 3822 447 3890 composant
456 3816 480 3872 le
491 3817 601 3873 Bureeu
612 3816 869 3873 d'Administration
881 3819 917 3872 du
927 3817 1034 3892 College
1042 3819 1076 3874 de
1085 3818 1112 3874 la
1122 3816 1189 3875 Ville
1199 3815 1350 3878 d'Amiens.

323 3920 349 3972 1.
369 3916 489 3972 «Avent
502 3915 678 3989 l'ingression
694 3916 742 3972 des
755 3915 870 3989 jesuites
889 3937 913 3974 n.
930 3907 1010 3972 ilr'cb.
1027 3918 1101 3973 Corn.
1116 3916 1173 3972 BB.
1191 3901 1270 3974 861.
1288 3913 1350 3985 126,

287 4017 303 4069 b
318 4012 372 4069 mai
388 4017 466 4070 1762.

323 4117 349 4167 2.
374 4113 407 4169 V.
423 4111 505 4168 l'Edit
519 4113 556 4168 du
570 4111 622 4168 Roi
637 4113 670 4168 de
686 4111 782 4168 levrier
798 4115 876 4183 1763,
899 4112 999 4170 l'Arret
1019 4114 1057 4170 du
1076 4113 1238 4182 Parlement,
1259 4113 1296 4168 du
1316 4105 1359 4169 29'

284 4209 392 4283 janvier
411 4213 490 4280 1765,
506 4217 617 4283 portent
632 4211 781 4284 reglement
795 4228 864 4284 pour
882 4211 920 4267 les
934 4212 1056 4285 Colleges
1076 4211 1122 4285 qui
1143 4229 1178 4267 ne
1196 4210 1353 4284 dependent
