3096 5088
648 647 787 703 *35⁴

185 791 295 868 ocu'los
307 809 431 876 vertant
443 785 498 866 a'ut
510 793 727 882 offendantur,
741 794 850 867 otftcio
863 788 971 867 divino
988 785 1137 883 aderunt,
1153 787 1248 889 atque

185 909 357 1007 praeceptis
371 916 589 1006 exemptisque
606 917 742 983 summae
759 915 887 1004 pietatis
905 915 1196 1005 venerationisque,
1215 923 1250 983 ut
1277 895 1278 900 ἵ

185 1034 275 1101 iocus
293 1026 445 1123 postulat,
464 1042 597 1100 utentur
616 1053 624 1116 3
650 1032 684 1098 in
707 1032 820 1102 eodem
845 1021 998 1100 cenaculo
1021 1019 1086 1122 quo
1106 1032 1250 1120 magistri

185 1150 344 1233 sedenteS,
371 1150 516 1233 honeste,
543 1149 664 1217 munde
686 1159 967 1238 temperanterque
993 1149 1250 1218 rivere-assues-

186 1277 281 1349 cent;
305 1266 357 1334 die
377 1277 548 1355 nocteque,
572 1265 605 1331 in
627 1264 748 1348 schola,
770 1265 859 1350 ludo,
882 1265 960 1332 dum
987 1267 1117 1334 student
1136 1266 1250 1334 ambu-

185 1371 1249 1471 lantque,'moreseorumaditigentibuscustodibusservabuntur‚

186 1497 310 1567 indoles
332 1499 570 1582 emendabitur,
597 1489 766 1586 ingenium
791 1499 938 1584 coletur,
963 1509 1031 1567 uno
1055 1500 1163 1580 verbo,
1186 1509 1252 1567 tam

186 1615 278 1683 multi
295 1606 398 1705 'quam
415 1615 518 1684 seduli
540 1614 601 1683 sibi
622 1615 770 1700 invicem,
791 1637 918 1684 necnon
938 1616 1097 1712 magistri,
1119 1616 1252 1684 aemula·

187 1732 319 1800 buntur.
335 1717 412 1811 Quae
424 1731 534 1800 omnia
547 1753 613 1800 non
628 1753 691 1800 una
706 1723 795 1817 fient,
811 1733 873 1801 nisi
886 1732 1083 1802 convictores
1096 1733 1253 1822 plurimos
1345 1795 1349 1802 .

186 1847 408 1916 numerabis1.
431 1875 447 1910 u

231 1964 313 2044 Ouid
325 1964 444 2036 mirum
459 1965 485 2033 si
497 1966 621 2054 legatus
636 1965 689 2034 itte
707 1965 915 2052 Parlamenti,
933 1977 970 2034 ut
982 1967 1096 2035 eodem
1109 1978 1253 2056 tempore

187 2104 205 2150 a
225 2081 389 2172 plerisque
412 2080 667 2167 existimabatur,
689 2083 723 2149 in
746 2083 880 2170 collegio
899 2085 984 2153 velut
1005 2085 1039 2150 in
1059 2083 1255 2152 monasterio
1342 2086 1344 2090 ’

140 2206 143 2211 “
187 2220 305 2287 pueros
333 2199 545 2267 includendos
568 2191 782 2288 esse'putatt
810 2200 923 2268 Nonne
948 2200 1150 2283 tansenistae,
1181 2201 1254 2289 pius

185 2314 283 2382 etiam
300 2326 404 2404 'quam'
416 2315 560 2399 tesuitte,
576 2315 741 2402 religionis
758 2323 953 2406 morumque
970 2327 1132 2406 respectu,
1155 2337 1255 2382 saecu·

186 2431 255 2498 ium
276 2430 791 2502 adolescentibusinfestissimum
810 2431 1012 2502 credebant?
1033 2432 1074 2502 Ut
1088 2453 1126 2500 ea
1145 2442 1254 2502 autem

182 2527 446 2636 praetermittam,
464 2547 506 2621 de
517 2547 636 2636 quibus
646 2546 715 2636 jam
731 2549 821 2647 apud
836 2546 997 2616 Romanos
1013 2546 1255 2640 Quintilianus²
1275 2547 1279 2553 ’

186 2663 377 2746 disserebat,
390 2675 491 2752 quum
502 2685 608 2732 mores
618 2663 795 2737 liberorum
809 2665 1028 2755 aparentibus
1043 2664 1122 2754 ipsis
1137 2664 1256 2754 saepius

188 2780 279 2870 perdi
303 2780 437 2863 doleret,
460 2791 526 2848 non
548 2779 685 2848 dubium
706 2792 753 2854 est
775 2782 854 2870 quin
876 2779 1023 2850 Roussnn
1044 2802 1085 2849 nn
1105 2781 1255 2850 nn'Tcun

188 2896 275 2963 baud
288 2895 450 2964 immerito
457 2890 652 2984 judicaverit
664 2914 912 2987 nonnunquam,
923 2909 983 2966 suo
993 2897 1153 2987 periculo,
1168 2897 1256 2986 quod

188 3013 229 3080 ad
251 3032 355 3080 mores
379 3024 409 3080 et
433 3013 613 3102 praesertim
635 3014 919 3103 studiapertinet,
943 3035 1062 3103 pueros
1082 3014 1116 3082 in
1138 3015 1256 3082 'saeculo

189 3130 309 3198 versari
331 3129 377 3197 rel
400 3129 497 3198 etiam
519 3130 652 3199 domum
672 3142 839 3220 paternam
858 3131 1020 3200 celebrare
1031 3130 1059 3198 ³:
1081 3131 1151 3199 Non
1170 3151 1256 3217 nego

203 3383 205 3388 -
227 3350 252 3401 t.
273 3342 353 3401 dreit.
374 3346 438 3417 de.
459 3345 494 3400 D.
514 3349 540 3400 9.
560 3345 652 3401 Lettre
671 3345 704 3400 de
723 3344 894 3436 Rousseltde
913 3344 938 3402 la
955 3345 1028 3402 Tour
1048 3362 1102 3402 aux
1121 3343 1258 3402 adminis-

190 3448 309 3499 trateurs
324 3443 360 3497 du
378 3442 494 3516 Collega,
512 3447 544 3500 ta
560 3444 670 3499 octobre
686 3447 764 3499 tato.
781 3476 815 3530 -j
830 3445 949 3516 Appeod.
967 3444 1002 3502 tt.

226 3545 252 3596 2.
269 3541 300 3599 L.
313 3541 334 3612 I,
347 3542 390 3599 cb.
403 3547 436 3598 2:
451 3563 463 3594 a
476 3542 587 3598 Utinam
599 3542 746 3602 liberorum
761 3549 918 3599 nostrorum
928 3561 1016 3599 mores
1031 3562 1088 3600 non
1098 3543 1151 3616 ipsi
1164 3542 1258 3616 perde-

180 3639 291 3696 remus
308 3639 454 3696 Infantiam
469 3640 562 3696 statim
577 3641 680 3697 deliciis
696 3641 845 3698 solvimus:
863 3641 949 3698 mollis
965 3642 1008 3698 ilie
1023 3641 1158 3712 educatio,
1175 3659 1257 3714 quam

191 3737 388 3811 indulgentiam
403 3756 543 3810 vocamuS,
560 3756 658 3795 nervos
675 3757 769 3795 omnes
785 3746 812 3795 et
826 3740 925 3796 mentis
941 3746 967 3796 et
978 3740 1099 3813 corporis
1113 3740 1225 3813 frangit.
1243 3761 1254 3790 a

226 3838 253 3893 3'.
273 3836 347 3893 Vide
356 3838 430 3910 quod
449 3855 464 3892 a
485 3835 603 3910 quodam
622 3832 712 3894 vetere
735 3838 929 3895 Universitatis
944 3838 1110 3894 Parisiensts
1125 3838 1257 3910 magistro

191 3933 328 4008 scriptumv
337 3937 379 3992 est
388 3952 394 3990 :
403 3958 426 3988 .«
437 3936 480 3991 vLe
494 3935 555 4008 plus
572 3937 732 4008 dangereux
746 3935 816 3992 ebus
832 3943 873 3993 cst
888 3936 955 3992 celui
970 3938 1004 3992 de
1017 3937 1043 3993 la
1057 3936 1219 4009 dissipation
1231 3943 1259 3992 et

191 4033 379 4107 desrapports
394 4039 455 4106 trop
470 4033 610 4106 sre'quents
626 4051 679 4106 que
695 4033 734 4090 le's
751 4035 848 4106 jeunes
869 4053 947 4109 gens.
957 4041 1006 4091 ont
1024 4051 1090 4090 avec
1109 4035 1134 4090 la
1154 4036 1258 4107 grande

193 4131 307 4188 societd:
320 4131 353 4188 ns
366 4137 432 4188 vont
446 4137 507 4204 trop
518 4135 635 4188 souve'nt
644 4133 714 4189 dans
725 4132 751 4188 la
761 4133 867 4190 maison
883 4133 1061 4208 paternelle...
1075 4128 1117 4190 On
1128 4133 1168 4189 les
1180 4139 1258 4190 mene

192 4248 248 4286 aux
265 4230 335 4302 bala,
355 4249 409 4287 aux
425 4232 606 4303 ⁴promenades
625 4231 782 4305 publiques,
798 4251 853 4290 aux
872 4233 1053 4307 spectacles...
1071 4232 1197 4290 L'entant
1211 4233 1259 4305 qui
