3096 5088
714 623 883 691 ‘-e.-

292 787 391 854 libras
406 787 522 854 donari
535 798 700 877 poscente,
719 789 856 872 scabini,
875 789 993 878 quibus
1009 809 1133 876 magnae
1150 789 1211 856 luit.
1226 809 1355 877 semper

292 925 379 972 curm
391 923 569 992 puerorum
586 903 758 989 institutio,
777 904 954 973 liberaliter
970 915 1128 973 trecentas
1141 913 1273 974 censent
1285 925 1355 972 csse

293 1020 493 1088 tribuendas.

225 1179 227 1184 '
338 1163 487 1232 Ceterum
504 1163 537 1230 in
552 1161 621 1232 dies
637 1161 813 1251 Collegium
832 1163 1084 1256 convalescebat,
1100 1161 1298 1232 scholasticis
1314 1161 1353 1229 ab

292 1282 372 1349 urbe
387 1279 617 1370 provinciaque
634 1279 855 1364 affluentibus,
874 1280 955 1348 adeo
972 1291 1020 1364 ut,
1036 1292 1109 1370 post
1126 1280 1237 1369 viginti
1253 1300 1353 1346 annos

290 1398 341 1466 vix
360 1400 479 1488 lapsos,
501 1417 638 1465 numero
657 1397 725 1464 fere
744 1397 831 1464 mille
850 1391 1018 1486 quingenti
1037 1396 1352 1465 conscriberenturl.

291 1516 337 1582 Ex
357 1536 422 1604 quo
441 1526 546 1604 potest
570 1514 718 1583 concludi
739 1514 890 1598 lesuilas,
912 1514 1032 1604 optime
1053 1515 1242 1583 constitutos
1263 1535 1353 1603 egre-

289 1632 406 1721 gieque
430 1642 467 1699 ut
490 1631 552 1700 illis
577 1632 777 1721 temporibus
803 1632 959 1716 eruditos,
985 1654 1059 1700 cum
1083 1632 1203 1722 quibus
1226 1653 1263 1700 ea
1287 1633 1354 1700 sola

289 1758 357 1816 erat
378 1769 451 1836 quae
474 1747 667 1816 contendere
689 1760 797 1837 posset
819 1747 1008 1816 Parisiensis
1028 1747 1239 1832 UniversitaS,
1260 1749 1354 1836 longe

288 1865 476 1955 praestitisse
502 1865 687 1953 regentibus
710 1865 807 1955 prisci
835 1863 981 1952 Collegii,
1008 1875 1077 1932 tum
1104 1866 1164 1933 hae
1189 1875 1259 1932 tum
1280 1864 1354 1932 illac

289 1993 410 2060 temere
432 1982 584 2066 collectis,
608 1982 710 2050 doctis
735 1982 922 2066 indoctisve,
949 2003 1009 2050 nec
1033 2003 1098 2050 uno
1120 1981 1228 2049 animo
1252 1981 1354 2049 viven-

291 2099 389 2169 tibus.
408 2101 510 2179 Quam
527 2099 567 2167 ob
583 2120 726 2183 causam,
744 2098 859 2167 studiis
872 2098 1074 2182 florentibus,
1092 2097 1232 2185 Collegio
1244 2097 1354 2188 pueris

290 2223 320 2280 et
332 2210 862 2296 adolescentibusreferto,eivitaS,
878 2212 939 2280 sibi
952 2210 1261 2302 platrdens,lesuitis
1273 2211 1353 2278 illud

289 2328 492 2416 gubernandi
508 2328 666 2396 arbitratu
681 2348 741 2396 suo
756 2327 939 2396 sactvltatem
958 2327 1157 2416 largiebatur
1174 2347 1352 2417 curamque

289 2447 484 2516 remittebat.

263 2673 264 2676 Ἴ
332 2590 475 2660 Subinde
503 2602 623 2674 tamen,
652 2591 738 2658 dieta
763 2611 823 2680 pro
851 2590 934 2659 datis
962 2587 1137 2680 accipiens,
1159 2590 1222 2658 sibi
1240 2591 1351 2658 falsam

288 2707 417 2797 imperii
433 2706 549 2774 servati
568 2706 743 2795 imaginem
762 2706 884 2794 fingere
900 2707 1067 2795 gestiebat.
1088 2708 1174 2775 lutra
1193 2707 1353 2796 quinqua·

288 2824 376 2911 ginta
403 2834 434 2891 et
461 2834 590 2890 centum
615 2845 717 2892 annos
741 2824 839 2891 semel
864 2824 1145 2912 expostulaverunt
1170 2823 1293 2890 scabini
1318 2835 1354 2890 ut

288 2941 390 3009 honos
409 2939 537 3009 debitus
557 2962 622 3009 non
643 2941 727 3008 ultra
749 2941 811 3010 sibi
831 2941 1060 3028 denegaretur,
1084 2941 1204 3031 quippe
1223 2941 1291 3031 qui,
1312 2940 1351 3008 ad

287 3058 485 3127 audiendam
502 3057 671 3126 rhetoricae
687 3057 879 3146 professoris
896 3057 1076 3124 orationem
1092 3057 1229 3142 invitati,
1249 3057 1351 3146 pluri-

288 3175 350 3244 bus
367 3175 485 3244 abhinc
503 3175 608 3259 annis,
632 3173 725 3242 tertio
744 3174 858 3242 ordine
876 3175 1120 3242 collocarentur.
1142 3175 1259 3243 Rector
1277 3195 1353 3262 ergo

288 3289 431 3359 monitus
452 3299 559 3358 estne
583 3289 827 3358 oblivisceretur
849 3288 1026 3376 Collegium
1046 3287 1178 3356 lesuitis
1198 3289 1353 3357 traditum

288 3428 357 3475 esse
368 3427 406 3473 ea
417 3405 608 3474 condicione
623 3416 659 3472 ut
671 3405 794 3489 civitas,
813 3429 826 3469 ι
844 3426 916 3494 quae
929 3391 1003 3473 ante
1016 3426 1128 3473 omnes
1140 3406 1201 3473 hoc
1214 3405 1354 3493 instituit

288 3535 319 3592 et
331 3522 497 3591 beneficiis
511 3522 699 3606 cumulavit,
712 3522 857 3590 eamdem
871 3522 1094 3590 auctoritatem
1108 3521 1353 3610 custodiamque

288 3652 481 3712 exerceret»
505 3663 570 3731 qua
584 3641 659 3709 olim
677 3635 855 3728 Collegium
873 3641 1087 3708 ministrabat.
1108 3639 1236 3708 Soabini
1253 3639 1353 3728 igitur

287 3759 422 3848 posthac
444 3778 509 3825 non
534 3757 672 3826 orationi
694 3758 845 3841 aderunt,
874 3781 887 3822 ι
911 3756 938 3824 si
955 3769 1029 3824 ante
1048 3756 1137 3845 ipsos
1159 3757 1243 3824 ullus
1263 3756 1352 3824 locus

290 3861 509 3967 (quiquidem
529 3886 599 3944 crat
623 3874 765 3964 capitulo
790 3874 985 3962 assignatus)
1008 3873 1152 3942 manebit
1167 3895 1299 3957 vacuus,
1321 3886 1353 3940 et

289 3993 315 4062 si
342 3992 423 4081 quis·
444 3992 489 4081 (id
518 4003 567 4060 est
597 3993 792 4083 Episcopus)
822 3992 901 4081 ipsis
929 3991 1116 4081 praesidebit
1146 4014 1175 4057 ι.
1207 3990 1351 4081 Perplexi
1432 4081 1435 4086 ‚

325 4229 350 4280 l.
366 4224 447 4282 Arch.
464 4225 538 4281 Com.
556 4224 613 4280 BB.
630 4226 673 4279 62.
690 4222 709 4278 f.
727 4227 787 4293 131,
803 4227 818 4279 5
832 4223 919 4296 juillet
935 4226 1013 4282 1629.
