3094 5100
797 634 938 692 ..ῃ-

333 786 427 872 longe
449 797 692 875 praestaremur
714 787 866 856 constitit.
889 787 957 855 lloc
979 787 1036 854 uhi
1054 787 1281 856 intellexerunt
1298 789 1400 856 Cura-

332 911 429 984 tores,
455 914 490 970 ut
516 902 649 991 posthac
675 903 755 970 alter
780 902 904 990 logicae,
936 904 1016 972 alter
1039 903 1179 993 physicae
1211 903 1399 988 inhaereret,

333 1016 474 1086 duarum
495 1038 605 1086 rerum
623 1039 720 1086 causa
734 1014 940 1088 statuerunt:

324 1135 327 1142 '
377 1133 522 1202 Primum
553 1157 569 1200 u
594 1135 832 1220 mathematica,
857 1135 989 1226 physica
1013 1133 1221 1225 scientiaeque
1245 1136 1286 1208 iis
1312 1149 1400 1205 arcte

215 1262 219 1270 '
334 1273 484 1320 connexae
503 1252 567 1322 alio
590 1253 704 1323 ordine
725 1253 914 1344 rationeque
937 1275 974 1322 ac
995 1253 1099 1322 ethica
1116 1254 1400 1344 metaphysicaquc

333 1368 487 1436 docendae
510 1380 586 1436 sunt
608 1393 651 1452 »;
681 1369 798 1438 deinde
829 1394 856 1438 u⁴
873 1369 1007 1460 juvenes
1037 1369 1220 1438 studiorum
1254 1382 1400 1460 expertes

334 1485 593 1554 mathematicam
610 1487 815 1576 physicaeque
831 1499 941 1576 partes
957 1486 1020 1555 sibi
1038 1485 1234 1568 necessarias
1254 1486 1402 1555 discendi

332 1603 516 1670 facultatem
536 1603 724 1671 habebunt1
746 1628 776 1670 a.

377 1725 579 1816 Sequebatur
605 1745 640 1796 ut
666 1729 830 1818 physicam
862 1740 1033 1817 ceteraque
1063 1729 1197 1818 praecipi
1227 1730 1400 1820 thesesque

332 1843 470 1932 proponi
489 1844 601 1931 gallice
615 1843 738 1928 liceret,
762 1845 865 1931 logica
885 1856 1006 1929 autern,
1029 1858 1065 1912 ut
1088 1856 1193 1928 antea,
1214 1845 1311 1913 latine
1331 1847 1400 1914 dis-

333 1959 450 2049 cipulis
477 1962 658 2030 traderetur
677 1962 733 2051 qui
754 1963 867 2031 codem
889 1983 1039 2031 sermone
1064 1963 1209 2032 dicerent
1228 1964 1399 2053 thesesque

334 2089 590 2167 propugnarent.
690 2125 693 2134 ·

378 2203 443 2272 Nec
457 2204 629 2274 Curatores
641 2207 795 2274 fefellerat
809 2228 906 2296 quam
921 2227 1016 2294 grave
1032 2207 1201 2276 consilium
1217 2207 1397 2290 inivissent,

334 2320 471 2410 epistula
496 2323 535 2390 ad
559 2324 604 2391 La
628 2321 780 2392 Rnnouns
805 2325 891 2392 haud
916 2325 1017 2393 multo
1043 2335 1115 2414 post
1140 2325 1237 2394 missa
1257 2324 1400 2392 dilucide

333 2437 538 2525 explanatum
555 2461 562 2506 :

381 2585 396 2627 <r
418 2561 569 2652 Apparet,
596 2563 759 2653 inquiunt,
780 2545 860 2631 duas
879 2565 1091 2654 philosophias
1111 2565 1239 2649 classes,
1261 2565 1398 2653 logicam

334 2688 365 2745 et
380 2680 557 2770 physicam,
574 2701 637 2748 non
660 2681 772 2748 minus
784 2683 830 2748 uel
847 2682 955 2770 potius
972 2681 1074 2768 magis
1091 2682 1223 2748 alteram
1242 2681 1282 2748 ab
1299 2683 1399 2750 altera

335 2806 366 2861 et
384 2817 419 2863 re
437 2797 506 2885 ipsa
520 2808 551 2865 et
569 2797 692 2865 ratione
710 2797 846 2865 docendi
862 2797 1019 2866 dissidere
1036 2819 1134 2888 quarn
1150 2809 1270 2865 sextam
1289 2820 1308 2865 a
1330 2800 1400 2866 rhe-

333 2909 446 2993 torica,
478 2910 616 3000 ideoque
647 2934 664 2978 a
692 2912 929 3000 professoribus
958 2912 1028 2980 illas
1061 2924 1125 2979 tam
1156 2911 1302 3002 dispares
1333 2935 1404 2981 non-

370 3138 394 3188 1.
408 3134 487 3190 Arch.
497 3135 558 3208 Dap.
568 3135 601 3190 D.
610 3139 634 3192 3.
643 3135 661 3192 f.
670 3135 850 3208 153,4juiltet
860 3141 938 3194 1783.
947 3169 980 3176 —
989 3137 1108 3209 dppcod.
1117 3137 1189 3192 Vlll.
1198 3136 1400 3210 —Ctrlsfichcs

333 3232 367 3288 dc
385 3233 521 3304 Picar‘dc'c,
539 3237 573 3288 25
593 3234 702 3290 octobre
722 3238 813 3290 1783:
838 3257 851 3285 a
872 3235 909 3290 M.
930 3234 1019 3290 l'ubbd
1038 3235 1178 3308 Reynard‚
1195 3234 1352 3308 professeur
1366 3237 1401 3290 de

333 3329 505 3402 philosophie
519 3349 554 3386 au
570 3331 677 3405 Collega
688 3332 827 3387 d'Amiens
837 3339 864 3387 et
874 3332 928 3388 fixe'
939 3333 1109 3390 dorenavant
1120 3336 1136 3388 b
1147 3332 1173 3388 la
1185 3332 1271 3388 classe
1284 3335 1318 3388 de
1331 3334 1402 3407 phy·

334 3430 422 3503 sique,
435 3432 502 3487 dont
515 3431 627 3488 l'entrde
638 3451 698 3489 sere
710 3433 826 3505 permise
840 3437 856 3487 d
870 3432 982 3488 l'avenir
997 3452 1052 3489 aux
1063 3433 1161 3506 jeunes
1176 3451 1244 3506 gens
1256 3435 1289 3488 de
1304 3433 1329 3489 le
1340 3433 1401 3488 ville

334 3544 369 3583 ou
384 3528 418 3582 de
432 3527 457 3583 le
471 3545 622 3602 campagne
637 3530 683 3602 qui
699 3531 829 3586 n'auront
842 3529 920 3602 point
934 3529 980 3585 fait
996 3511 1131 3599 deludes,
1142 3528 1318 3598 distribuam,
1331 3547 1402 3602 pour

334 3626 359 3682 la
373 3627 534 3682 commodite
548 3629 581 3683 de
597 3646 641 3684 ses
657 3629 807 3698 auditeurs‚
825 3646 875 3684 son
888 3628 1096 3701 enseignement
1110 3647 1144 3683 en
1159 3629 1233 3684 deux
1247 3646 1328 3684 cours
1344 3628 1401 3684 dis-

334 3725 417 3780 tincts
434 3731 460 3780 et
475 3729 594 3798 separes,
610 3725 666 3781 l’un
682 3729 715 3782 de
729 3727 957 3800 mathematiques
973 3734 999 3783 et
1014 3727 1110 3784 l'autre
1125 3729 1158 3782 de
1170 3727 1317 3800 physique.
1336 3749 1348 3778 u
1365 3748 1401 3768 -·-

334 3824 375 3880 Cf.
393 3824 506 3893 Greard,
517 3842 558 3897 op.
572 3829 631 3897 cit,
643 3843 669 3897 p.
683 3828 726 3881 40.
739 3827 839 3882 Eodem
852 3833 973 3898 ternpore
983 3825 1107 3895 Lutetia,
1121 3825 1253 3898 magistro
1267 3824 1399 3897 Linguat,

334 3922 512 3995 philosophiae
528 3917 680 3995 professore
700 3924 727 3978 in
744 3925 875 3979 Sorhonae
892 3923 1019 3993 Plessrso,
1036 3929 1154 3996 petente,
1170 3940 1332 3978 concessum
1347 3930 1399 3992 est,

335 4019 421 4076 invito
436 4021 561 4094 syndico,
579 4028 608 4077 ut
623 4040 637 4076 e
652 4022 761 4077 duobus
777 4021 978 4095 professoribus
996 4043 1007 4074 a
1024 4022 1091 4077 alter
1104 4021 1230 4094 logicam,
1247 4021 1314 4076 alter
1328 4023 1401 4094 phy-

334 4118 428 4188 sicam,
440 4137 493 4174 non
506 4120 562 4192 jam
576 4119 681 4175 alterna
696 4119 762 4189 viee,
774 4122 898 4176 edoceret
912 4143 937 4175 u.
955 4121 1008 4176 Sed
1020 4137 1074 4175 non
1091 4120 1198 4175 videtur
1212 4117 1247 4174 illi
1264 4119 1400 4176 licentiam

333 4217 425 4272 datum
440 4235 501 4273 esse
517 4224 546 4274 ut
561 4217 699 4275 auditores
713 4218 893 4274 humanitatis
908 4219 990 4274 rudes
1005 4217 1032 4273 in
1050 4218 1169 4274 scholam
1184 4216 1328 4289 acciperet.
