3096 5088
668 635 752 688 ...11
774 663 808 674 ....

207 796 379 876 postquam
404 785 528 876 expulsi
548 787 666 872 essent,
686 786 720 854 in
742 787 866 855 incerto
885 785 1023 854 habebat
1047 785 1126 875 quid
1147 785 1272 854 consilii

208 901 337 970 tandem
355 913 506 991 caperet:
525 902 606 970 nihil
623 902 710 971 enim
729 903 768 972 de
787 903 838 970 his
854 903 950 993 rebus
968 900 1117 990 litigiosis
1132 922 1151 968 a
1168 902 1273 969 Parla-

207 1028 316 1086 mento
332 1018 439 1087 adhuc
463 1019 673 1088 constitutum
693 1020 796 1088 eratl.
818 1019 924 1099 Ouum
941 1018 1041 1106 igitur
1060 1017 1212 1086 timerent
1230 1039 1272 1085 ne

208 1157 285 1226 opes
295 1135 374 1226 ipsae
383 1137 621 1226 professoribus
633 1135 1074 1227 suppositisqucnecessariae
1084 1135 1270 1218 deficerent,

207 1253 248 1320 ad
266 1264 511 1343 procuratorem
529 1254 624 1341 Regis
641 1253 764 1322 scabini
778 1252 977 1343 scripserunt
995 1276 1009 1318 c
1025 1273 1059 1321 sc
1076 1251 1272 1319 dubitavisse

207 1390 287 1436 num
306 1369 428 1459 aliquot
445 1371 562 1439 classes
582 1371 729 1439 tollendae
750 1380 868 1453 essent,
890 1369 945 1437 sed
967 1369 1000 1435 in
1017 1368 1099 1436 urbe
1114 1379 1179 1435 tam
1195 1389 1271 1436 con-

207 1486 319 1575 spicua
343 1486 490 1555 nonsibi
511 1486 616 1554 visum
637 1509 706 1556 esse
726 1486 849 1576 aliquid
871 1507 908 1554 ex
928 1485 979 1552 his
999 1491 1063 1553 tam
1087 1483 1212 1552 idoneis
1231 1483 1270 1550 ad

206 1623 324 1693 pueros
341 1603 525 1672 educandos
540 1603 768 1693 docendosque
784 1603 906 1672 abscidi
923 1601 1040 1692 posse²
1057 1626 1085 1669 s.
1249 1595 1251 1603 ²

251 1726 377 1795 Interea·
402 1749 504 1817 quum
535 1727 688 1797 Lazaritae
719 1749 831 1796 curam
861 1725 993 1814 Collegii
1021 1724 1268 1798 administrandi

206 1841 428 1932 respuissen1³
446 1843 593 1934 nullique
610 1843 664 1913 alii
680 1841 844 1928 monachi,
867 1866 883 1910 u
901 1843 988 1933 quod
1002 1843 1088 1910 sarna
1107 1853 1176 1911 erat
1193 1843 1270 1909 Par-

205 1961 382 2028 lamentum
400 1960 504 2029 edicto
518 1961 660 2030 sanxisse
678 1973 714 2028 ut
734 1960 773 2028 de
791 1959 932 2048 collegiis
952 1959 1115 2060 mutandis
1129 1959 1270 2048 prolata-

207 2088 297 2144 retur
314 2104 344 2160 a,
367 2098 436 2146 sese
451 2075 616 2162 ollerrent,
639 2077 750 2145 civitas
770 2077 911 2166 deniqne
929 2076 1101 2164 collegium
1116 2076 1270 2144 seculare

206 2194 345 2262 condere
360 2194 483 2279 statuit,
513 2218 525 2258 n
551 2194 584 2261 in
601 2194 688 2283 quod
708 2194 957 2262 admitterentur
972 2193 1176 2262 solummodo
1194 2213 1269 2282 prc-

204 2310 341 2378 lcssores
359 2309 454 2400 periti
474 2331 512 2378 ac
530 2311 612 2379 bene
634 2309 763 2393 morati,
785 2308 825 2376 ad
848 2309 967 2396 gradus
987 2307 1177 2377 Parisiensis
1195 2307 1270 2376 Uni·

204 2425 375 2510 versitatis,
399 2436 559 2516 qnantnm
584 2446 634 2493 res
655 2417 786 2509 sineret,
810 2424 975 2514 promoti⁴
999 2449 1027 2492 1.
1047 2423 1268 2514 Principatum

205 2541 349 2609 oblatum
371 2540 500 2611 interim
522 2540 665 2630 suscepit
684 2540 837 2628 magisler
856 2540 976 2608 artium
996 2540 1142 2630 qnidam,
1162 2561 1200 2608 ex
1216 2541 1269 2608 illa

205 2657 418 2726 Universitate
434 2657 594 2726 oriundus
614 2657 809 2746 licentiaque
830 2657 915 2746 juris
937 2657 1075 2725 docendi
1098 2658 1267 2747 praeditus,

207 2798 222 2840 a
248 2796 433 2864 quanquam
455 2795 520 2843 non
541 2774 741 2842 existimaret
757 2773 897 2842 lesuitas
914 2774 1057 2864 perditos
1071 2774 1085 2816 ⁵
1101 2797 1117 2841 0
1136 2799 1142 2843 :
1170 2797 1267 2865 quam

240 3003 266 3055 1.
283 2999 316 3056 V.
333 2999 434 3073 Beraq,
445 3016 487 3072 op.
503 3001 564 3066 cit,
581 3018 608 3074 p.
623 3002 751 3072 247-250,
768 3006 856 3058 arcels
871 3000 908 3056 du
924 2999 1079 3058 Parlemont
1092 3001 1140 3058 des
1155 3004 1188 3058 23
1201 2999 1269 3058 avril

204 3102 231 3154 et
245 3102 261 3154 6
275 3102 342 3154 6061
359 3101 437 3155 1762.

239 3206 360 3262 271166.
371 3207 511 3264 Comssss.
529 3212 573 3277 86,
584 3207 602 3264 f.
617 3207 1051 3265 115-116.Le11resdes18e121
1066 3224 1139 3262 mars
1155 3210 1223 3264 1762
1233 3225 1269 3264 au

204 3321 352 3378 procureur
366 3305 477 3378 general
493 3323 500 3362 :
520 3327 532 3360 n
548 3307 625 3362 Nous
642 3324 728 3362 avons
741 3305 853 3363 balance
870 3309 1031 3379 aproposer
1044 3305 1071 3361 la
1085 3305 1269 3362 reductionde

203 3402 334 3476 quelques
349 3402 450 3460 classes
464 3422 471 3473 ;
487 3403 556 3461 mais
569 3410 639 3461 cette
653 3403 713 3461 ville
728 3411 799 3460 nous
814 3422 830 3460 a
843 3422 912 3478 paru
928 3411 990 3477 trop
1003 3403 1190 3459 considerable
1200 3421 1269 3476 pour

203 3500 286 3574 qn'on
303 3502 397 3575 puisse
416 3522 435 3576 y
454 3502 558 3558 desirer
576 3503 693 3578 quelque
712 3505 932 3560 retrauchement
952 3521 1000 3558 sur
1019 3520 1072 3558 une
1092 3503 1173 3558 chose
1192 3502 1268 3558 aussi

202 3599 354 3656 essentielle
369 3600 562 3658 al'e'ducation
577 3607 604 3658 et
619 3601 830 3658 bl'instrnction
845 3620 898 3676 que
911 3601 950 3657 les
964 3601 1067 3659 classes
1081 3600 1105 3656 le
1115 3608 1188 3657 sont.
1199 3623 1213 3651 »
1226 3601 1267 3656 Cl.

202 3698 283 3765 drab.
299 3701 364 3772 bdp.
382 3699 416 3756 D.
434 3703 460 3758 3.
477 3699 496 3758 1.
515 3703 575 3771 136,
588 3705 603 3757 6
614 3700 682 3756 avril
694 3705 772 3758 1781.
784 3702 866 3757 Arret
880 3699 987 3756 d'envoi
1003 3717 1036 3756 en
1052 3698 1210 3773 possession
1219 3700 1268 3754 des

202 3795 281 3870 biens
302 3797 340 3852 du
362 3797 480 3872 Collbge.
505 3798 613 3855 Extrait
639 3799 688 3854 des
713 3798 857 3873 Registres
877 3799 914 3855 du
932 3797 1094 3869 Parlemcnt,
1117 3798 1155 3853 du
1175 3801 1190 3854 5
1211 3815 1268 3869 sep-

201 3896 305 3952 tembre
319 3901 397 3954 1786.

237 4007 263 4060 3.
279 4005 348 4062 ibid.
364 4005 422 4062 ΒΒ.
440 4005 507 4063 861.
524 4007 585 4077 165,
599 4010 633 4062 29
646 4005 756 4063 octobre
772 4010 850 4063 1761.

236 4114 263 4169 1.
279 4113 347 4169 ibid.
364 4113 382 4170 f.
400 4116 460 4183 116,
477 4117 511 4169 26
526 4131 599 4170 mars
615 4116 693 4171 1762.

237 4222 263 4278 5.
279 4219 348 4276 ibid.
364 4219 382 4276 f.
399 4189 459 4290 117,
475 4225 509 4277 29
525 4238 597 4278 mars
615 4225 693 4278 1762.
