3096 5088
649 629 791 686 ..53-

135 873 141 881 .
190 783 305 852 Fateor
328 794 435 851 tamen
460 783 530 850 lieri
556 805 650 873 posse
669 793 706 850 ut
726 803 836 852 errore
853 783 1025 850 ducantur.
1048 783 1125 863 Quis
1145 795 1252 851 autem

191 899 361 968 Curatores
375 918 484 968 errore
497 921 615 968 vacuos
631 901 699 968 fore
717 899 880 968 affirmare
894 900 1039 968 audeat?
1060 899 1254 989 Ceteroquin

190 1037 255 1085 non
276 1027 402 1106 oportet
424 1015 457 1082 in
478 1015 619 1103 Collegio
641 1016 867 1106 unusquisque
887 1017 1035 1107 imperet,
1058 1037 1188 1085 necesse
1208 1027 1255 1084 est

190 1145 227 1200 ut
243 1153 354 1201 omncs
369 1131 520 1222 discipuli
536 1131 705 1220 magistros
723 1133 754 1199 in
772 1133 894 1201 bonore
907 1133 1086 1201 babeant...
1104 1134 1200 1220 Ergo,
1215 1153 1255 1200 ne

192 1248 382 1337 Principalis
398 1249 661 1338 professoresque
681 1244 715 1315 in
736 1249 1007 1338 contemptionem
1028 1247 1167 1332 veniant,
1190 1270 1255 1316 non

192 1365 254 1432 illis
276 1363 386 1432 licebit
417 1385 530 1432 eorum
555 1375 744 1454 potestatem
769 1365 859 1454 parvi
883 1364 1055 1433 restituere.
1085 1365 1256 1434 Curatores

193 1502 266 1549 vero
288 1479 490 1568 cognatione,
508 1481 677 1565 affinitate,
696 1481 941 1558 necessitudine
954 1481 1088 1549 forsitan
1105 1483 1257 1572 propensi

167 1597 300 1687 'potius
327 1607 422 1666 erunt
446 1597 486 1664 ad
510 1597 745 1684 indulgentiam
773 1619 871 1687 quam
899 1598 938 1664 ad
966 1598 1192 1666 severitatem:
1221 1609 1258 1665 ut

192 1715 292 1781 altera
306 1723 413 1782 tamen
432 1713 569 1782 subinde
585 1714 672 1781 utilis
686 1725 745 1798 est,
763 1714 807 1781 ita
823 1715 923 1782 altera
942 1715 1135 1804 plerumque
1148 1737 1257 1784 ueces-

194 1830 279 1898 salia
295 1831 353 1896 ¹.»

241 1945 318 2026 Quis
333 1946 461 2036 planius
478 1967 516 2014 ac
536 1946 651 2015 melius
669 1946 886 2036 patrocinium
906 1969 993 2016 nunc
1012 1948 1171 2038 arriperet
1192 1969 1259 2015 ma·

193 2061 368 2151 gistrorum
405 2063 562 2131 libertatis
599 2085 637 2131 ac
672 2063 853 2150 dignitatis,
889 2076 1046 2153 quantum
1080 2065 1120 2131 ad
1153 2065 1260 2133 officia

195 2178 351 2267 explenda
374 2177 499 2262 attinet,
525 2178 697 2266 diligenter
723 2180 911 2247 servandae‘?
940 2179 1148 2268 Disciplinam
1174 2181 1260 2248 enim

195 2295 341 2373 funditus
372 2307 512 2380 everteS,
545 2295 572 2363 si
603 2295 830 2378 Curatoribus,
864 2297 949 2364 inter
975 2318 1056 2386 quos
1086 2297 1261 2386 aliquando

196 2412 378 2480 consistunt
409 2411 542 2501 quidam
573 2412 837 2502 patresfamilias,
870 2412 936 2480 suis
969 2414 1147 2482 commodis
1181 2415 1262 2482 forte

195 2528 304 2619 potius
319 2549 416 2618 quam
431 2528 560 2595 utilitati
581 2529 744 2596 communi
765 2529 949 2614 servientes,
969 2530 1156 2620 imperium,
1175 2531 1261 2619 quod

129 2702 130 2705 ,
197 2645 259 2712 sibi
279 2658 389 2712 contra
407 2644 462 2733 jus
482 2645 741 2714 duodevicesimo
762 2647 879 2716 saeoulo
898 2645 1103 2714 vindicabant
1118 2646 1143 2730 2,
1166 2647 1262 2714 hodie

198 2761 402 2830 condonaris.
499 2827 501 2832 ,
1246 2769 1249 2776 “

241 2881 490 2970 Agnoscendum
522 2901 597 2948 vero
625 2890 672 2948 est
703 2880 791 2964 illos,
821 2903 923 2971 quum
952 2882 1091 2971 privatas
1120 2903 1170 2950 res
1199 2903 1263 2950 uon
1362 2867 1363 2870 ¹

200 2999 414 3088 respicerent,
445 3019 518 3088 quae
547 2998 695 3065 habenda
725 3010 809 3066 esset
834 2998 922 3086 justa
950 3000 1123 3089 disciplina
1155 2999 1264 3068 subtili

199 3116 307 3183 animo
339 3114 634 3204 comprehendisse.
668 3114 748 3182 Nam
780 3116 895 3182 bursas
926 3116 1109 3206 suscipiunt
1138 3117 1265 3184 duobus

201 3231 399 3301 scholasticis
417 3231 605 3300 tribuendas
623 3254 639 3297 a
659 3253 678 3298 a
697 3232 845 3321 proximo
865 3232 1041 3300 conditoris
1061 3245 1196 3320 cognato
1213 3233 1266 3302 de·

200 3350 390 3438 signatis‚...
418 3350 473 3418 sed
498 3349 542 3416 ita
567 3360 603 3416 ut
629 3329 799 3418 Curatores
820 3349 875 3438 jus
900 3350 1040 3416 habeant
1061 3350 1266 3418 bursariose

200 3465 367 3555 priuilegio
387 3465 592 3548 exturbandi,
611 3465 737 3533 simale
756 3487 789 3534 se
808 3477 921 3552 gerant
935 3477 991 3533 aut
1010 3466 1117 3534 hebeti
1139 3466 1267 3554 ingenio

202 3583 324 3652 sintfa.
347 3584 439 3663 Quod
459 3583 637 3676 prudenter
657 3593 787 3650 cautum
806 3595 865 3667 est,
884 3583 1061 3651 dummodo
1081 3584 1121 3650 de
1141 3605 1176 3652 re
1197 3584 1267 3674 ipsa

215 3767 224 3826 .’
238 3779 264 3832 1.
280 3773 360 3828 Areb.
377 3774 441 3845 Dap.
454 3774 488 3830 D.
503 3779 546 3830 12.
560 3775 651 3828 Lettre
664 3774 698 3829 de
713 3773 828 3841 Roland‚
842 3773 1266 3844 lmars1783.—Appeud.Vl.

237 3867 264 3920 2.
280 3863 314 3918 V.
331 3862 412 3917 Arret
430 3863 468 3916 du
483 3862 636 3918 Parlement
650 3868 760 3935 portant
778 3862 926 3935 reglement
942 3879 1011 3934 pour
1028 3861 1067 3916 les
1083 3861 1205 3934 Collbges
1220 3861 1267 3934 qui

203 3969 237 4007 ne
252 3951 407 4024 dependent
419 3968 468 4023 pas
483 3952 531 4006 des
548 3951 728 4020 Universile'S,
744 3957 796 4006 art.
813 3956 857 4020 25,
873 3954 918 4021 46,
934 3953 978 4008 51.

239 4045 264 4096 3.
284 4040 365 4095 Areb.
382 4042 447 4112 lldp.
469 4041 503 4100 D.
521 4045 546 4096 3.
562 4040 582 4097 f.
599 4044 643 4110 66,
661 4046 700 4095 1⁰r
715 4058 788 4095 mars
804 4045 883 4100 1771.
900 4040 942 4098 Cf.
957 4039 976 4094 s.
994 4043 1054 4107 110,
1074 4043 1090 4092 2
1108 4039 1160 4094 mai
1178 4043 1266 4096 1777:

207 4151 218 4181 u
235 4129 256 4184 ll
270 4147 304 4184 ne
320 4146 381 4184 sera
395 4127 482 4184 admis
501 4147 555 4184 aux
570 4130 686 4185 bourses
702 4129 736 4184 de
754 4135 859 4201 capette
874 4147 927 4202 que
947 4129 984 4182 les
1005 4128 1090 4200 sujets
1107 4127 1154 4201 qui
1170 4139 1269 4207 auront

203 4219 251 4274 des
266 4217 442 4274 attestatione
456 4219 490 4272 de
504 4218 577 4274 leurs
590 4219 760 4292 professeurs
775 4218 849 4274 telles
865 4217 945 4291 qu'ils
961 4223 1024 4273 sont
1036 4218 1084 4273 des
1095 4218 1224 4290 premiers
1235 4221 1269 4274 de
