3096 5088
627 621 759 679 -51...

158 772 197 846 e‘a
215 767 346 867 quidem
368 765 557 845 condicione
572 787 613 844 ut
625 777 763 846 vicarius
783 776 941 864 magistri,
958 780 1007 846 vel
1023 777 1221 864 aegrotantis,

160 893 230 981 ejus
243 892 408 983 impendio
418 893 668 977 conduceretur,
677 945 682 958 .
692 945 712 959 ..
725 902 888 990 postremo
901 891 1018 960 iterum
1032 891 1223 981 delinquens

160 1008 325 1096 magister,
348 991 374 1077 si
395 1011 476 1077 forte
497 1029 627 1078 necesse
647 1021 746 1092 esset,
769 1009 907 1098 pecunia
927 1009 1066 1097 graviori
1087 1009 1223 1076 mulcta-

160 1137 251 1194 retur
269 1119 326 1194 aut
346 1126 443 1194 etiam
463 1127 503 1194 de
521 1127 722 1217 possessione
742 1126 887 1194 muneris
904 1125 1123 1214 dejicereturl
1143 1152 1173 1192 a.
1286 1181 1290 1191 .

163 1251 167 1258 '
206 1239 335 1312 Moleste
364 1244 534 1312 ferendum
566 1254 614 1312 est
640 1265 678 1312 eo
709 1264 777 1311 rem
804 1242 927 1311 venisse
956 1253 992 1309 ut
1019 1242 1104 1310 viros
1133 1251 1225 1309 aetate

162 1367 319 1445 maturos,
340 1360 443 1428 instar
461 1381 637 1450 puerorum
658 1359 990 1448 adolescentiamque,
1009 1371 1096 1426 metu
1114 1379 1225 1448 poena·

163 1472 235 1546 rum
249 1497 397 1546 coercere
409 1477 600 1566 oportuerit.
616 1477 648 1546 Si
662 1478 747 1546 enim
762 1476 936 1566 Principali
950 1476 1039 1544 nulla
1051 1476 1226 1543 auctoritas

164 1593 265 1662 inerat
281 1593 518 1682 Curatoresque
533 1593 694 1661 interdum
711 1593 859 1683 imperite
873 1593 1062 1681 minuteque
1078 1603 1225 1679 egerunt,

161 1710 310 1800 plerique
328 1711 527 1798 professores
544 1709 605 1777 arti
623 1731 689 1777 sum
706 1731 765 1777 nec
782 1710 943 1777 studuisse
961 1731 1019 1778 nec
1037 1709 1228 1777 satisfecisse

162 1827 324 1896 videntur.
348 1828 471 1917 ltaque,
493 1827 683 1917 Principalis
706 1827 965 1917 Curalommque
989 1850 1026 1896 ac
1049 1828 1228 1924 disciplinae

161 1936 384 2033 contemptum
405 1965 472 2034 prae
491 1965 524 2012 se
543 1944 688 2028 ferendo,
709 1945 886 2033 pessimum
904 1945 1102 2013 scholasticis
1122 1965 1229 2012 exem-

165 2061 254 2150 plum
268 2060 316 2127 rel
328 2055 420 2127 inscii
435 2060 481 2128 vel
496 2060 616 2128 conscii
630 2060 827 2150 praebebant.
844 2059 937 2139 Haud
954 2062 1053 2129 semel
1069 2061 1169 2150 igitur
1183 2061 1229 2128 illi

165 2171 374 2261 rebellarunt,
389 2177 597 2266 quibusdam,
613 2188 649 2245 ut
663 2176 866 2264 significabat
878 2157 1080 2266 Principalis,
1097 2177 1230 2245 fortasse
1293 2258 1295 2263 ,

165 2289 331 2380 magistris
357 2293 544 2362 auctoribus
573 2303 604 2360 et
630 2293 829 2382 auspicibus.
858 2292 1003 2371 Quodam
1031 2293 1096 2377 die,
1127 2313 1230 2381 quum

164 2405 380 2497 philosophiae
400 2407 565 2487 studentes
584 2407 667 2474 hanc
687 2406 790 2496 ipsam
808 2406 957 2473 feriatam
977 2427 1046 2474 esse
1066 2407 1230 2496 proscrip-

167 2522 1231 2613 sissentfestamquereveraegissenl,aCuratoribussancitumest

167 2637 205 2708 u't
223 2639 319 2726 logici
336 2637 526 2730 physioique
542 2641 650 2708 schola
667 2639 915 2708 excluderentur
933 2640 1035 2708 donee
1051 2641 1232 2729 deprehen·

169 2755 431 2840 darenturnoxii,
445 2779 458 2820 t
472 2777 661 2845 mercesque
671 2755 848 2844 unicuique
857 2755 1069 2847 philosophiae
1077 2757 1232 2844 magistro

168 2873 297 2941 addicta
321 2871 443 2942 interea
466 2861 532 2942 non
555 2873 756 2942 solveretur²
784 2899 811 2940 a.
838 2873 929 2941 Unde
956 2875 1104 2942 concludi
1129 2886 1234 2966 potest

108 3045 111 3053 .
166 2991 353 3060 rebellionis
378 2991 505 3081 eulpam
530 2992 565 3058 in
587 3013 641 3061 eos
667 2974 852 3060 translatam
877 3013 958 3061 esse.
986 2993 1135 3062 Ceterum
1160 2995 1234 3084 quis

168 3128 234 3175 non
249 3106 386 3175 miretur
398 3106 571 3189 Curatores
587 3107 792 3196 prohibuisse
805 3129 845 3176 ne
861 3107 1057 3198 «discipulis
1074 3131 1232 3198 unquam,

166 3221 348 3313 'quamlibet
359 3224 400 3291 ob
414 3243 557 3309 causam,
570 3246 588 3291 a
599 3223 739 3312 Collegio
752 3225 864 3294 abesse
876 3225 999 3309 liceret,
1012 3226 1059 3293 vel
1072 3237 1234 3293 annuente

110 3411 115 3419 ,
171 3340 345 3430 Principali
360 3335 417 3407 aut
431 3341 669 3430 professoribus
688 3365 717 3424 r,
734 3340 861 3431 sibique
877 3342 953 3410 solis
966 3341 1020 3431 jus
1035 3342 1235 3430 arrogavisse

175 3482 189 3522 a
213 3478 325 3524 causas
345 3456 616 3524 extraordinarias
641 3479 700 3525 cur
722 3457 867 3525 absentia
889 3457 1032 3545 legitima
1057 3470 1139 3526 esset
1162 3439 1236 3547 per'-

165 3570 357 3662 ‘pendendil
377 3599 406 3639 a.
426 3571 552 3641 Scilicet
571 3575 769 3662 professores
790 3573 1046 3663 principalisque
1066 3575 1135 3663 ipse
1154 3575 1238 3642 hanc

172 3689 334 3758 licentiam
352 3690 424 3779 plus
443 3711 537 3778 aequo
554 3690 632 3757 dare
652 3690 806 3758 solebant.

172 3973 175 3984 Ι
211 3911 235 3963 l.
250 3907 330 3964 Arch'.
342 3909 406 3980 de.
424 3909 457 3965 D.
474 3912 501 3976 3,
519 3907 537 3964 f.
555 3910 616 3978 163,
632 3913 647 3962 7
662 3912 728 3963 eout
743 3911 821 3964 1781.
839 3908 881 3967 Cf.
896 3909 917 3970 f.
934 3912 977 3979 80,
994 3906 1237 3980 22janvier1773.

210 4007 236 4060 2.
254 4007 321 4062 ibid.
337 4006 356 4062 f.
374 4010 417 4076 50,
434 4009 467 4060 21
482 4005 579 4062 levrier
594 4009 674 4063 froo.
694 4007 736 4062 Cf.
754 3991 909 4080 Douarchc,
926 4009 1098 4066 l'lhtt'verst'ld
1112 4007 1144 4062 de
1160 4008 1239 4062 Poris

175 4106 389 4171 etlesfdsoites,
406 4109 495 4178 11:283
566 4110 567 4116 ’
1188 4099 1190 4106 ⁴

212 4207 238 4259 3.
254 4203 324 4260 ibid.
339 4205 375 4261 D.
390 4205 416 4260 3.
432 4203 451 4259 f.
469 4207 530 4273 118,
547 4205 562 4258 5
576 4202 636 4276 juin
653 4207 733 4264 1778.
