3096 5088
789 623 932 680 ,ῃ-

375 777 459 846 ¹Num
474 798 549 846 vero
569 776 751 860 CuratoreS,
769 775 825 865 qui
842 774 1122 865 ultrodisciplinae
1136 774 1300 844 interioris
1312 775 1398 842 arbi-

253 889 256 894 ’
332 908 396 963 tros
418 895 567 982 agebant,
587 915 605 961 a
626 893 745 982 quibus
765 893 806 961 nd
826 893 905 960 alios
926 914 990 960 non
1011 893 1241 982 appellaretur,
1265 892 1287 959 ii
1304 903 1397 960 erant

332 1001 1396 1102 quianimiaindulgentiaseveritatevepraecaverepussent‘lNuur

262 1207 266 1219 .
331 1129 389 1214 illi,
405 1127 527 1217 majore
540 1139 631 1217 parte
646 1126 826 1216 municipes
838 1128 886 1194 vel
899 1127 1077 1216 municipio
1093 1125 1252 1209 adstricti,
1269 1125 1397 1212 integro

329 1245 439 1313 animo
468 1245 634 1334 liberoque
657 1265 786 1334 semper
813 1243 980 1332 discipulis
1002 1243 1160 1312 beneficia
1187 1243 1398 1312 conserebant

332 1373 387 1430 aut
401 1383 512 1452 poenas
525 1360 763 1449 injungebant?
778 1359 810 1428 Si
824 1359 954 1449 quando
967 1370 1113 1427 errarent
1126 1369 1183 1426 aut
1198 1359 1324 1450 decepti
1342 1371 1399 1428 aut

332 1477 436 1567 iniqui
453 1477 498 1545 illi
512 1476 652 1566 judiceS,
670 1497 777 1545 nonne
795 1475 973 1544 timendum
989 1485 1113 1544 eratne
1130 1499 1204 1544 curn
1222 1476 1399 1566 Principali

331 1593 634 1684 professoribusque
654 1593 741 1661 baud
758 1591 878 1681 injuria
897 1592 1015 1681 saepius
1029 1591 1299 1662 conflictaretur‘l

377 1710 467 1789 Quod
487 1709 527 1776 ab
549 1720 619 1776 orto
639 1707 779 1795 Collegio
799 1709 927 1778 accidit.
951 1708 1030 1776 Nam
1052 1709 1092 1776 ad
1114 1707 1286 1778 Curatores
1306 1707 1401 1777 Sdtrs

333 1827 505 1896 arcessitus
522 1827 561 1894 de
580 1825 720 1915 quodam
740 1827 931 1894 scholastico
950 1825 1096 1910 dimisso,
1115 1848 1212 1916 quern
1230 1827 1398 1894 absentem

333 1944 403 2012 sine
420 1939 515 2011 cause
533 1942 633 2010 fuisse
649 1941 896 2026 existimaverat,
914 1963 1026 2010 eorum
1041 1943 1191 2032 potestati
1206 1942 1344 2011 inritum
1363 1964 1401 2010 se

333 2060 515 2153 permisitl.
541 2059 600 2127 Cui
621 2059 753 2149 quidem
773 2059 947 2127 velitationi
970 2071 1133 2128 certamen
1153 2061 1287 2148 longum
1306 2079 1401 2128 acer-

333 2179 519 2266 rimumque
532 2177 686 2245 successit
698 2176 782 2244 inter
791 2177 1004 2266 Principalem
1018 2176 1256 2267 Curatoresque
1264 2176 1399 2245 initum.

334 2296 440 2375 Quum
457 2295 542 2362 enim
557 2294 680 2382 aliquot
699 2293 879 2362 scholastici
892 2293 1021 2378 urbani,
1037 2306 1210 2384 postquam
1224 2317 1243 2362 a
1258 2293 1403 2381 Collegiu

334 2411 523 2500 aliquandiu
539 2430 623 2477 anno
639 2409 807 2498 superiore
822 2410 1030 2494 abluerant«
1047 2412 1287 2500 inperpetuum
1304 2409 1403 2499 ejecti

334 2527 519 2615 exclusique
546 2526 693 2608 luissent,
719 2526 867 2593 nonnulli
895 2525 1066 2594 Curatores
1092 2526 1126 2594 id
1151 2526 1271 2616 injuste
1290 2537 1403 2594 actum

335 2665 403 2712 esse
422 2653 585 2732 putantes,
603 2641 756 2731 quoniam
777 2643 885 2710 nullus
904 2663 969 2710 nun
986 2664 1004 2710 a
1023 2642 1215 2732 parentibus
1231 2642 1350 2711 missus
1367 2643 1404 2709 in

334 2760 476 2828 scholam
498 2758 600 2848 excipi
622 2758 748 2842 debeat,
773 2758 836 2826 nisi
856 2759 938 2826 forte
958 2759 1062 2826 obstet
1082 2780 1180 2828 causa
1200 2758 1337 2843 sontica,
1359 2759 1404 2828 de

334 2897 399 2964 qua
415 2874 585 2943 Curatores
602 2874 797 2942 admonendi
814 2874 879 2942 sint
893 2899 922 2960 r,
940 2875 1148 2966 aPrincipali
1161 2874 1345 2964 petiverunt
1366 2888 1405 2944 ut

333 2993 399 3061 duo
415 3013 452 3060 cx
468 2991 530 3059 illis
548 2992 580 3059 in
602 2990 777 3079 Collegium
798 2991 904 3060 redire
925 2992 1089 3082 possent&
1109 2991 1215 3072 Quare
1235 3002 1344 3061 autem
1360 2993 1405 3061 de
1516 3085 1517 3092 ἵ

334 3110 373 3178 iis
398 3108 473 3178 solis
496 3119 646 3196 ageretur
672 3109 706 3176 in
729 3109 846 3177 tabulis
866 3109 948 3177 nihil
968 3110 1105 3178 relatum
1125 3120 1185 3178 est.
1206 3110 1405 3199 Quanquam

333 3227 395 3294 hoc
414 3247 473 3294 nos
497 3246 562 3294 nun
581 3226 672 3294 lallit.
694 3226 800 3306 Quum
823 3247 898 3294 vero
921 3226 1111 3315 Principalis
1140 3248 1159 3294 a
1189 3225 1406 3296 Curatoribus
1516 3231 1517 3252 ³

334 3344 375 3412 ad
399 3343 592 3411 Parlamenti
617 3343 759 3430 legatum
785 3343 1021 3433 appellavisset,
1054 3364 1127 3432 quae
1156 3343 1180 3410 ii
1207 3356 1407 3413 censuerant
1452 3414 1456 3423 ,
1516 3335 1517 3414 l

335 3461 489 3528 Rottnun
506 3460 593 3526 haud
614 3460 777 3528 immerito
794 3459 981 3547 abrogavit:

381 3602 397 3641 «a
416 3576 493 3644 llibi
509 3575 734 3644 confirmatum
753 3587 812 3657 est,
830 3575 948 3665 inquit,
967 3575 1139 3645 Curatores
1152 3587 1189 3644 ut
1205 3576 1245 3644 de
1262 3575 1407 3646 scholas·

334 3693 418 3776 ticis,
444 3693 493 3759 rel
519 3693 755 3762 convictoribus
782 3694 829 3760 vel
853 3692 1005 3776 externis,
1031 3692 1231 3761 dimittendis
1252 3692 1406 3782 judicent
1516 3689 1517 3774 l

335 3810 539 3877 contendere.
555 3808 616 3877 Sed
635 3810 717 3878 banc
732 3831 801 3877 rem
816 3808 1027 3899 peculiarem,
1046 3831 1119 3898 quae
1135 3809 1175 3876 ad
1194 3809 1405 3899 disciplinam

332 3924 483 4012 pertinet,
495 3925 685 4014 Principalis
697 3926 962 4015 professoresque
972 3935 1069 3993 totam
1080 3923 1129 3992 sui
1138 3923 1223 4012 juris
1236 3923 1371 3992 habent.
1380 3979 1402 3994 ..

372 4125 397 4176 l.
413 4121 493 4178 Arrb.
509 4124 574 4194 de.
590 4123 625 4177 b.
642 4126 668 4177 3.
685 4121 704 4177 l.
719 4125 776 4192 4-5,
791 4124 816 4190 3,
834 4126 848 4176 l
865 4120 929 4190 mni,
947 4126 976 4177 nt
991 4120 1053 4194 juin
1069 4124 1147 4178 1763.

371 4212 397 4262 2.
416 4210 483 4264 lbid.
500 4209 519 4264 f.
537 4212 598 4279 147,
613 4211 629 4262 4
644 4209 754 4265 octobre
771 4213 848 4276 1782,
