3096 5088
775 611 915 668 ..μμ

311 766 430 857 gioque
446 767 567 835 abaetis
583 766 669 834 haud
685 765 818 856 impune
834 759 917 834 lor'et
928 766 938 808 ¹
950 759 987 831 '»‘.
1005 765 1179 835 Severitate
1198 761 1305 836 antem
1324 763 1380 835 illa

312 877 501 973 Principalis
518 876 780 973 professoresque
796 873 860 950 nun
873 883 1014 972 perculsi
1030 877 1181 951 mulieres
1199 879 1287 951 domi
1304 905 1380 972 quae

309 999 377 1088 jam
389 999 535 1084 aderant,
547 1017 706 1069 consensu
720 993 926 1083 duraturum,
940 997 1156 1082 retinuerunt,
1169 1023 1185 1065 a
1199 999 1380 1068 dummodo

313 1116 346 1182 in
364 1109 529 1205 posterum
543 1109 644 1184 nullae*
657 1110 766 1206 aliqua
776 1137 889 1198 *carisa
904 1116 1013 1206 speeie
1027 1111 1245 1199 ministrandi,
1260 1112 1382 1184 iterum

314 1231 572 1301 advocarentur²
593 1257 622 1300 a.
642 1234 745 1302 Mores
763 1233 864 1320 igitur
881 1230 1000 1321 regulae
1018 1232 1149 1302 arntiori
1168 1232 1378 1322 praestabant,

313 1349 573 1439 presbyterisque
586 1349 628 1417 ‘in
648 1348 788 1436 Collegio
808 1349 1015 1418 manentibus
1034 1348 1166 1448 ancillas
1185 1363 1313 1418 seruare
1331 1349 1381 1415 las

314 1477 395 1550 erat,
420 1465 499 1534 dum
526 1466 634 1534 mariti
657 1465 811 1553 conjuges
836 1486 997 1550 amovere,
1020 1466 1047 1534 si
1063 1461 1213 1554 'hospitio
1238 1463 1382 1552 gratuito

315 1582 379 1650 lrui
396 1593 564 1672 cuperent,
581 1582 792 1670 jubebantur.
1204 1593 1208 1602 '

362 1717 490 1785 Litteris
513 1713 697 1807 patentibus
721 1718 799 1786 anui
828 1716 1031 1786 lllllldblllll
1054 1713 1216 1806 ‘scriplum
1247 1728 1317 1784 erat
1346 1717 1383 1783 in

316 1833 455 1920 Collegio
474 1834 652 1902 instaurato
670 1857 686 1900 o
708 1834 935 1924 Principalem,
955 1844 1099 1922 regentes
1119 1833 1384 1923 professoresque

315 1950 485 2018 saeculares
505 1949 718 2022 instituendos
739 1971 809 2018 esse
829 1946 858 2034 n,
878 1950 922 2018 ita
941 1961 976 2018 ut
996 1950 1107 2018 liceret
1124 1969 1178 2020 eos
1197 1961 1254 2018 aut
1269 1970 1307 2018 ex
1321 1947 1385 2018 'ole-

316 2066 392 2134 ricis
418 2079 473 2142 ant
500 2088 537 2134 ex
568 2067 659 2135 laicis
681 2067 768 2155 eligi.
785 2064 854 2135 ¹Sed
877 2063 1266 2157 reipsa‘presby'terorum
1287 2068 1385 2154 longe

315 2183 502 2274 majorpars
511 2184 1156 2274 semperambianiexstirit.Praeterenim
1166 2184 1385 2274 Principalem

316 2302 447 2391 duoque
466 2295 635 2386 tbe'ologiae
653 2302 863 2389 professores,
883 2301 968 2369 inter
983 2312 1118 2385 ceteroS,
1141 2293 1279 2370 numero
1294 2313 1382 2385 ueto,

316 2441 401 2489 anno
423 2418 778 2502 Muuctxxx111,uu0
792 2419 850 2486 soli
865 2418 938 2486 laici
955 2415 1124 2508 apparent,
1139 2427 1280 2508 qnorum
1295 2441 1385 2488 unus

313 2536 547 2626 ,paterfamilias
561 2547 660 2603 uxore
676 2535 787 2618 orbuS,
808 2535 900 2618 alter,
920 2535 1018 2602 orbus
1036 2534 1161 2618 liberis,
1181 2535 1385 2604 non'viduus

318 2664 386 2747 erat
399 2653 424 2720 ³.
454 2652 514 2719 llio
539 2664 661 2735 autem,
687 2651 763 2719 olim
789 2649 1012 2737 ludimagister
1035 2651 1068 2718 in
1092 2651 1190 2735 Urbe,
1215 2673 1322 2741 nuper
1348 2652 1385 2720 in

318 2769 494 2856 Collegium
507 2789 592 2856 aegre
609 2768 772 2855 ingressus
784 2777 864 2850 erat,
879 2767 930 2834 bis
946 2766 1049 2836 verbis
1065 2767 1214 2856 praesidis
1227 2767 1386 2837 Romanu

319 2885 537 2956 Curatoribus'
553 2885 798 2973 diligentissime
816 2885 1060 2960 commendatus
1078 2907 1085 2954 :
1108 2908 1121 2950 u
1140 2884 1225 2953 Nibil
1242 2885 1332 2953 aliud
1353 2886 1386 2954 ei

354 3115 379 3166 1.
400 3109 481 3167 drale.
501 3111 566 3182 lldp.
588 3110 622 3165 D.
643 3113 672 3165 35
690 3107 709 3168 f.
731 3111 746 3164 6
764 3113 790 3164 el
805 3125 852 3182 sq.
868 3107 1035 3188 Beglement
1053 3069 1128 3180 pourn
1140 3107 1167 3164 la
1183 3107 1326 3182 discipline
1346 3109 1388 3166 du

319 3208 436 3282 College,
453 3213 504 3264 art.
523 3208 570 3264 lV.

354 3323 379 3374 2.
396 3318 463 3374 lbld.
480 3315 500 3372 f.
517 3318 561 3385 88,
579 3320 594 3372 6
609 3332 682 3371 mars
701 3317 769 3372 1774
783 3333 826 3374 :a
841 3316 879 3370 Le
898 3315 1007 3372 Borean
1022 3314 1139 3372 de'libere
1158 3333 1212 3388 que
1231 3321 1294 3371 tous
1314 3333 1388 3374 ceux

318 3415 365 3491 qui
385 3415 542 3472 habiteront
559 3415 584 3471 le
603 3414 702 3488 college
721 3432 755 3470 ne
774 3421 907 3488 pourront
922 3433 941 3488 y
959 3414 1111 3470 introduire
1130 3432 1251 3470 auounes
1271 3413 1388 3472 lemmes

318 3534 385 3573 sous
399 3519 522 3588 pretexte
535 3515 568 3570 de
582 3513 693 3570 besoins
708 3514 742 3570 de
754 3513 781 3570 la
790 3512 842 3584 vie,
854 3513 923 3570 mais
937 3513 1048 3587 qu‘elles
1061 3531 1090 3569 se
1100 3518 1292 3569 eontenteront
1301 3514 1336 3569 de
1345 3513 1388 3571 les

319 3614 423 3670 debitor
434 3615 504 3669 dans
513 3612 539 3668 la
548 3612 609 3685 loge
618 3613 656 3668 du
667 3612 779 3685 portien.
791 3614 805 3662 l
817 3643 850 3654 -
861 3611 879 3668 f.
892 3615 937 3680 90,
948 3615 963 3665 7
975 3611 1164 3667 octobrelltl
1176 3628 1183 3666 :
1200 3635 1214 3662 «
1222 3611 1264 3666 ,Le
1274 3610 1388 3668 bureau

319 3731 335 3769 a
349 3712 466 3769 delibere'
481 3711 551 3784 qu'il
561 3709 664 3766 voulait
677 3709 740 3766 bien
755 3710 852 3766 tolerer
866 3727 919 3783 que
933 3709 956 3766 le
971 3709 1104 3784 prineipal
1119 3715 1146 3766 et
1159 3709 1204 3766 les.
1212 3709 1388 3782 prolesseurs

320 3812 367 3885 qui
386 3810 496 3868 avaient
514 3810 563 3866 des
579 3826 730 3882 personnes
748 3809 786 3864 du
801 3826 866 3864 sexe
880 3826 950 3881 pour
964 3808 1003 3864 les
1018 3808 1105 3864 servir
1119 3808 1279 3864 continuent
1294 3809 1389 3865 bs'en

320 3910 386 3966 faire
401 3909 497 3979 servir,
513 3907 582 3964 mais
601 3907 620 3962 il
638 3912 681 3962 est
700 3910 906 3979 expressdment
921 3907 1039 3964 delendu
1058 3911 1075 3963 b
1094 3908 1146 3964 Mt⁸
1163 3907 1188 3962 le
1207 3903 1341 3980 prinoipal
1360 3915 1390 3964 et

321 4010 492 4083 prolesseurs
507 4009 540 4064 de
558 4007 674 4081 prendre
691 4007 834 4064 al'avenir
849 4025 955 4064 aucune
969 4007 1065 4064 femme
1079 4024 1148 4080 pour
1162 4006 1203 4062 les
1217 4005 1303 4062 servir
1319 4024 1390 4064 sous

322 4107 453 4181 quelques
468 4110 605 4180 pretextes
619 4123 673 4179 que
687 4123 717 4161 ee
732 4101 826 4163 soils»

357 4210 382 4264 3.
400 4206 467 4272 llld,
482 4207 516 4263 D.
533 4211 559 4262 8.
576 4209 605 4262 5⁶
621 4204 760 4262 Memoire.
825 4243 830 4252 .
