3094 5100
794 623 934 680 ...ss8...

336 800 349 840 ι
376 775 446 866 ipso
468 775 551 844 duce
574 774 725 866 discipuli
751 775 904 845 audirent
927 797 1001 866 quae
1020 776 1061 845 de
1084 777 1147 846 hoc
1168 789 1345 866 agerentur
1365 802 1397 846 r.

331 891 501 989 Curatores
512 912 599 972 vero,
614 892 691 960 huic
704 893 812 961 studio
826 893 946 962 recenti
957 893 1094 983 utilique
1106 894 1260 980 terrentes,
1278 920 1292 960 r
1307 895 1398 962 illum

330 1021 445 1097 rogant
462 1021 498 1078 ut
515 1009 691 1098 discipulos
712 1009 821 1093 etiam
843 1010 871 1078 si
892 1031 975 1100 opus
994 1010 1048 1094 sit,
1071 1032 1174 1099 quum
1194 1012 1314 1080 scholae
1332 1033 1399 1079 nou

328 1137 452 1210 vacent,
468 1125 508 1192 ad
521 1125 682 1194 audienda
698 1139 859 1216 praecepta
875 1126 974 1194 ducat
991 1147 1066 1215 quae
1085 1125 1125 1194 ad
1142 1127 1284 1218 physicae
1300 1149 1398 1218 eupe-

327 1241 464 1310 rimenta
484 1241 641 1310 attineant
661 1265 690 1309 a.
711 1242 802 1326 ltem,
823 1265 840 1309 c
859 1242 968 1310 schola
985 1253 1129 1326 vacante,
1151 1243 1304 1332 discipuli
1321 1265 1398 1312 eum

327 1358 568 1428 comitabuntur
588 1369 625 1426 ut
643 1357 677 1424 in
697 1358 924 1448 experimentis
944 1380 962 1425 a
981 1359 1189 1428 Lurosrouuu
1209 1359 1250 1428 de
1269 1359 1398 1450 chymia

325 1475 458 1563 agendis
475 1474 644 1544 intersint¹
662 1497 695 1542 n.
712 1473 795 1554 Ouid
812 1474 908 1544 hodie
922 1475 1011 1542 alind
1022 1475 1060 1543 fit
1069 1497 1171 1566 quum
1186 1475 1397 1544 scholasticos

325 1603 452 1661 nostros
469 1591 615 1661 officinas
634 1590 839 1680 lahricasquc
855 1591 936 1658 varii
954 1592 1083 1679 generis
1103 1591 1195 1660 ohire
1209 1591 1395 1680 jubemus‘l

369 1707 491 1776 Eodem
510 1719 655 1797 tempore
680 1707 835 1776 Ronntun
855 1708 897 1776 ad
920 1707 1135 1797 Principalem
1158 1707 1289 1798 scripsit
1314 1731 1332 1775 ‹
1354 1707 1395 1775 de

324 1823 524 1892 instituendo
540 1824 694 1911 magistro
708 1824 765 1913 qui
781 1823 1042 1892 mathematicam
1055 1822 1287 1915 physicamque
1302 1845 1396 1914 expe·

325 1941 470 2010 rimeutis
487 1941 629 2009 innixam
645 1942 775 2009 doceret
792 1968 823 2010 ι.
841 1940 964 2010 Abbate
981 1953 1089 2010 autem
1112 1941 1222 2010 lloum
1241 1963 1307 2009 uon
1325 1963 1393 2009 res·

322 2056 496 2144 pendente,
515 2057 601 2146 apud
623 2055 795 2124 Curatores
813 2067 948 2145 questus
969 2067 1028 2140 est,
1048 2056 1191 2144 rogitans
1215 2076 1289 2123 «au
1307 2056 1393 2124 torte

322 2171 1390 2262 eaehueuederetotlegiotumutittadipsosuonretataeesseut2».

366 2291 501 2359 Necesse
513 2301 583 2358 erat
596 2290 750 2374 magister
765 2310 921 2358 novarum
937 2309 1046 2356 rerum
1057 2289 1134 2378 jure
1150 2288 1391 2357 amantissimus

322 2429 395 2474 cum
418 2407 557 2497 praesule
578 2405 678 2474 moris
701 2405 828 2494 antiqui
847 2405 1031 2494 quietisque
1054 2405 1195 2496 propriae
1215 2405 1390 2474 obseruau-

321 2523 445 2592 tissimo
464 2522 629 2611 negotium
645 2522 789 2590 haberet.
809 2522 966 2590 Buranun
980 2521 1092 2609 igitur,
1109 2533 1281 2612 postquam
1299 2543 1388 2612 proe-

319 2639 399 2706 lium
416 2640 534 2708 acriter
552 2639 655 2723 inivit,
675 2640 723 2707 vel
737 2638 949 2707 Curatorihus
964 2638 1128 2707 interdum
1142 2637 1387 2722 auxiliantibus

320 2766 356 2821 ut
384 2754 406 2821 ii
431 2756 471 2823 de
496 2755 691 2824 convictorio
715 2756 928 2824 instaurando
955 2755 1118 2846 profligati
1142 2767 1247 2839 erant,
1280 2755 1324 2822 ita
1347 2755 1389 2823 de

320 2871 504 2938 renovanda
532 2871 733 2940 institutione
763 2871 915 2941 concidit.
949 2872 1040 2940 Unus
1073 2872 1160 2940 enim
1191 2872 1387 2940 Parlamenti

318 2986 454 3073 legatus,
473 2987 619 3055 Roussun
634 3008 676 3054 nn
691 3006 730 3054 un
750 2988 854 3071 Touu,
876 2987 928 3055 cui
944 2987 1100 3056 successit
1115 2988 1283 3072 Roumrtn,
1305 2988 1389 3056 alter

316 3114 439 3186 autem,
468 3103 513 3170 Lu
538 3103 702 3200 Redones,
730 3103 787 3192 qni
810 3103 895 3172 uices
918 3103 1017 3192 hujus
1041 3104 1196 3195 suscepit,
1222 3104 1388 3172 timidiora

317 3219 426 3288 animo
441 3233 472 3288 et
492 3220 683 3307 magistrum
701 3231 733 3286 et
751 3218 924 3288 Curatores
938 3219 1145 3308 adjuverunt.
1162 3220 1257 3289 Varia
1274 3231 1384 3290 tamen

316 3336 391 3406 helli
410 3339 541 3406 fortuna
554 3337 629 3406 luit.

361 3454 442 3520 Tum
472 3475 547 3523 vero
575 3453 608 3521 iu
636 3453 787 3521 omnihus
816 3453 958 3542 collegiis
982 3475 1048 3522 nna
1077 3476 1151 3522 cum
1177 3453 1382 3546 philosophia
1500 3529 1501 3542 2

315 3571 457 3640 scientiae
484 3571 617 3639 hieuuio
635 3571 924 3662 praecipiebantur,
946 3572 1067 3640 sedita
1089 3583 1126 3640 nt
1145 3572 1199 3638 illa
1219 3571 1269 3640 his
1289 3573 1383 3660 louge

313 3689 529 3758 antecederet.
561 3688 645 3768 Quin
676 3688 774 3756 etiam
812 3688 908 3756 amho
936 3687 1149 3778 philosophiae
1183 3689 1384 3778 professores

311 3806 451 3874 vicissim
476 3806 636 3874 docebant
670 3806 821 3894 logicam,
853 3828 926 3875 cum
960 3807 1065 3876 ethica
1097 3806 1382 3897 metaphysicaque

312 3924 533 4013 conjunctam,
561 3936 617 3991 aut
646 3925 830 4014 physicam,
861 3947 935 4014 quae
966 3924 1062 3992 simul
1099 3925 1380 4008 mathematicam,

347 4127 372 4179 1.
389 4124 469 4180 Arch.
486 4126 551 4196 de.
568 4124 601 4179 D.
619 4126 645 4181 3.
662 4123 681 4181 1.
700 4127 761 4193 117,
779 4127 841 4193 119,
857 4123 1006 4196 loctobre,
1018 4128 1052 4180 22
1065 4122 1212 4181 novembre
1228 4125 1307 4181 1782.

346 4224 372 4276 2.
389 4221 457 4279 lhid.
474 4222 509 4280 D.
525 4227 568 4278 10.
585 4222 676 4279 Lettre
691 4223 725 4278 de
739 4222 867 4294 Rollaud,
884 4226 917 4278 19
930 4222 1018 4296 juillet
1032 4226 1112 4280 1782.
