3096 5088
734 563 875 618 -ῃ-

270 721 431 805 Ambiani,
447 731 482 788 ut
499 721 692 809 plerumque
710 717 868 801 solebant,
887 738 1054 807 nunquam
1072 716 1106 784 in
1127 716 1252 785 aedibus
1264 739 1341 786 con-

270 838 403 907 riotorio
430 836 611 916 institutol,
634 834 851 926 pulcherrime
875 846 1110 924 processerant.
1138 834 1218 902 Nam
1244 835 1339 901 multi

271 955 487 1044 ludimagistri
510 955 542 1022 in
567 954 653 1022 Urbe
676 952 764 1020 domi
783 951 916 1020 alendos
935 951 1156 1041 suscipiebant
1176 952 1340 1020 custodie-

270 1072 413 1161 bantque
436 1090 568 1158 pueros,
594 1067 650 1157 qui
677 1067 834 1135 elementa
860 1067 1023 1135 discerent
1050 1088 1189 1158 raroque
1217 1068 1340 1136 ibidem

272 1189 379 1258 studia
404 1186 549 1253 liberalia
572 1197 776 1274 peragerent,
798 1183 916 1273 saepius
935 1195 1044 1252 autem
1064 1196 1199 1275 propter
1217 1185 1279 1253 boc
1298 1185 1340 1252 ad

272 1305 449 1392 Collegium
463 1303 669 1370 mitteremur
680 1299 704 1369 ².
715 1300 843 1368 Abhinc
855 1300 948 1368 annis
961 1300 1176 1390 quadraginta
1189 1323 1240 1370 res
1251 1302 1295 1369 ita
1305 1324 1341 1370 se

272 1422 411 1490 habebat
428 1420 590 1500 Ambiani,
613 1419 803 1510 parentibus
826 1419 936 1487 multis
960 1418 1079 1487 liberos
1099 1441 1164 1488 non
1184 1421 1218 1487 in
1238 1420 1342 1511 Lyceo

272 1539 316 1608 ali
331 1539 542 1627 educarique,
563 1548 650 1606 recte
672 1559 713 1604 an
736 1557 920 1628 perperam,
940 1536 1160 1626 cupientibus.
1178 1536 1210 1605 Si
1231 1549 1341 1606 tamen

273 1678 311 1724 ex
331 1645 535 1725 convictoriis
553 1653 698 1744 privatis,
722 1675 796 1743 quae
815 1664 894 1720 tunc
914 1652 1077 1740 vigebant,
1098 1653 1342 1742 ludimagistros

273 1771 513 1842 octavodecimo
540 1771 659 1838 saeculo
686 1781 788 1838 artem
812 1781 996 1838 exercentes
1021 1769 1242 1855 aestimaveris,
1265 1793 1340 1839 cum

275 1890 402 1958 civitate
440 1887 619 1956 consenties
653 1886 885 1954 convictorium
914 1886 1093 1976 prudenter
1126 1897 1341 1978 temperatum

274 2005 415 2093 Collegio
435 2003 576 2072 maximo
592 2003 781 2092 adjumento
796 2004 944 2071 futurum
960 2003 1072 2071 luisse.

217 2185 221 2194 ·
282 2147 285 2152 '
320 2139 391 2208 Sed·
407 2139 448 2208 ob
469 2137 548 2207 alias
568 2160 681 2206 causas
703 2137 812 2226 magni
830 2137 984 2228 ponderis
1005 2159 1070 2206 non
1089 2138 1171 2207 bene
1189 2139 1344 2208 successit

276 2255 430 2344 Collegio,
448 2255 595 2345 quamvis
618 2255 739 2343 optime
763 2254 973 2322 constitutum
996 2255 1165 2346 plenaeque
1188 2253 1343 2324 exercita-

278 2373 374 2441 tionis
395 2385 478 2441 esset
494 2393 501 2440 :
520 2372 554 2440 in
567 2393 606 2440 eo
618 2370 705 2440 enim
719 2371 944 2461 principalem,
959 2370 1025 2439 duo
1041 2372 1343 2463 theologiaeproles·

278 2511 379 2573 sores,
396 2488 461 2579 duo
476 2487 703 2578 philosophiae,
719 2509 823 2555 unum
840 2487 1022 2572 rhetoricae,
1038 2488 1184 2578 quinque
1197 2500 1344 2578 regentes

278 2606 441 2690 secundae,
465 2605 580 2689 tertiae,
607 2615 744 2694 quartae,
768 2603 901 2694 quintae,
920 2614 1030 2685 sexta),
1054 2627 1139 2694 quae,
1166 2605 1344 2695 saepissime

279 2722 328 2790 vel
341 2721 472 2790 lesuitis
487 2721 610 2805 deerat,
626 2721 817 2810 praepositos
830 2741 1002 2788 numerare
1019 2742 1130 2810 posses
1140 2721 1165 2789 ³.
1181 2721 1346 2812 llicepriu-

203 2916 212 2932 ,
280 2837 392 2928 cipalis
410 2838 659 2928 propemodum,
683 2839 838 2928 quoniam
854 2839 1009 2929 perpauci
1024 2852 1117 2907 erant
1132 2839 1343 2924 convictores,

280 2955 1342 3045 nonnecessarius,undecimpostannosdemumoestgnausesrt.

326 3091 468 3180 Magistri
495 3104 651 3182 praeterea
673 3089 766 3160 initio
792 3092 948 3160 elassibus
968 3091 1191 3181 superioribus
1210 3079 1352 3174 addicti,

281 3209 434 3293 Dnnrnnn,
456 3206 560 3293 Silua,
581 3207 745 3294 Carnona,
766 3199 899 3302 ingenio
917 3206 1117 3300 scientiaque
1136 3195 1351 3278 excellebant

320 3445 345 3497 1.
363 3441 525 3496 documenta
533 3437 701 3514 pour‘seroir
710 3444 728 3497 ὰ
738 3440 870 3498 l'histoire
881 3441 925 3498 des
940 3442 1080 3498 domiciles
1095 3442 1128 3498 de
1140 3441 1167 3497 lo
1183 3441 1347 3514 Compopric

281 3541 314 3596 de
327 3542 403 3597 desua
417 3539 486 3595 dous
501 3541 526 3596 lc
540 3540 639 3596 monde
654 3541 752 3605 entier,
772 3541 805 3596 de
822 3541 901 3598 1540
919 3543 937 3596 d
954 3542 1044 3612 1773,
1059 3541 1238 3614 collutioands
1249 3541 1347 3616 parile

281 3642 313 3696 P.
329 3640 360 3695 A.
377 3641 465 3711 Homy
478 3639 506 3694 S.
522 3642 546 3696 1.
563 3637 652 3707 Paris,
669 3638 711 3694 Al.
728 3638 836 3708 Picard,
854 3656 877 3695 s.
890 3639 918 3694 d.
934 3657 961 3712 p.
975 3643 1018 3696 13.

317 3749 343 3801 2.
362 3746 396 3804 V.
412 3747 562 3813 Anaouoes,
579 3746 694 3818 Affiches
707 3749 733 3802 et
746 3748 810 3802 Avia
830 3747 918 3803 divers
937 3747 970 3803 dc
988 3748 1126 3813 Pioordie,
1149 3750 1181 3802 19
1201 3745 1347 3802 novembre

284 3848 363 3913 1770,
378 3846 410 3899 18
425 3843 493 3898 avril
508 3846 587 3912 1772,
605 3847 636 3901 13
649 3861 722 3899 mars
739 3849 817 3902 1779.

320 3953 345 4006 3.
364 3951 394 4006 V.
411 3951 517 4006 Lettres
531 3956 667 4023 patentes,
682 3955 714 4007 21
730 3953 783 4008 mai
800 3956 877 4009 1763.
895 3953 936 4009 Cl.
953 3953 1033 4010 Arch.
1050 3955 1113 4026 Dap.
1137 3955 1172 4010 D.
1193 3959 1219 4011 8.
1240 3951 1345 4008 Liasse.

284 4053 313 4104 5ο
329 4047 468 4103 Memoire.

319 4156 346 4209 1.
362 4155 442 4212 hrcle.
456 4157 520 4228 Dep.
538 4155 572 4212 D.
589 4159 614 4214 3.
631 4155 650 4214 f.
667 4160 711 4226 86,
728 4161 761 4211 18
777 4156 873 4212 ferrier
888 4162 967 4216 1774.
