3094 5100
778 623 920 680 ..¹12-

317 787 414 866 atque
443 775 542 844 etiam
567 797 697 846 necesse
726 798 786 866 per
814 787 913 844 totam
945 775 1184 868 philosophiam
1217 777 1390 846 auditores

315 894 572 981 argumentando
588 906 673 963 recte
688 895 854 984 disputare
869 907 901 963 et
913 895 1021 984 eloqui
1034 895 1134 963 latine
1148 916 1238 962 nuuc
1250 917 1389 985 quoque

316 1010 496 1078 edocendos
515 1031 585 1077 esse
606 1022 641 1076 ut
657 1010 698 1078 ad
716 1009 897 1098 theologiae,
912 1011 998 1100 juris
1014 1011 1251 1100 medicinaequc
1271 1012 1389 1079 Facul-

317 1137 396 1194 tates
410 1125 604 1216 paratissimi
621 1126 855 1195 admittantur¹
875 1153 903 1194 ι.
926 1128 995 1196 Hoc
1014 1127 1100 1195 eninr
1120 1139 1316 1215 argumento
1331 1128 1388 1194 lir-

316 1243 462 1311 missimo
491 1243 665 1311 utebantur
692 1243 750 1332 qui
778 1243 931 1331 gallicum
956 1265 1139 1312 sermonem
1166 1244 1386 1334 philosophiae

314 1360 430 1428 studiis
459 1361 667 1429 inserendum
693 1383 763 1429 esse
787 1363 974 1449 negabant:
999 1364 1027 1430 si
1054 1385 1153 1452 quern
1181 1363 1214 1430 in
1238 1364 1386 1451 collegiis

314 1499 437 1545 morem
458 1478 602 1567 priscum
622 1477 740 1546 mutari
759 1477 817 1561 ris,
840 1477 873 1545 in
891 1479 1161 1547 Universitatibus
1178 1500 1254 1547 eum
1273 1480 1385 1569 primo

314 1594 443 1662 abolere
460 1593 570 1662 debes.

204 1695 208 1702 ⁴
358 1710 509 1780 contecta
539 1731 592 1778 res
616 1732 686 1780 esse
714 1711 895 1795 videbatur,
921 1710 976 1780 sed
1003 1712 1223 1780 controversia
1248 1734 1383 1780 rursum

314 1828 599 1917 vehementiusque
623 1829 801 1919 disceptata
824 1840 884 1897 est.
912 1828 1063 1909 Quamvis
1084 1829 1173 1897 enim
1194 1829 1236 1898 de
1260 1830 1382 1918 linguae

313 1943 420 2010 latinae
443 1965 504 2010 usu
530 1955 687 2034 perpetuo
715 1943 888 2013 Curatores
912 1944 1086 2035 Principali
1111 1944 1382 2035 Parlamentoqua

313 2061 632 2150 obtemperavissent,
656 2063 754 2152 paulo
778 2075 850 2153 post
876 2074 995 2146 tamen,
1020 2063 1131 2131 nescio
1151 2085 1217 2152 quo
1234 2075 1379 2142 auctore,

313 2177 484 2246 consilium
502 2191 656 2267 ceperunt
671 2179 946 2262 liberalissimum,
964 2201 1002 2247 ex
1016 2201 1082 2268 quo
1098 2180 1192 2270 plura
1210 2200 1382 2248 manavere

313 2316 411 2384 quam
430 2316 503 2383 quae
520 2294 582 2384 ipsi
601 2296 746 2384 prolecto
760 2295 1001 2384 praeviderant:

361 2435 375 2474 ι
405 2410 524 2495 Quum,
549 2410 714 2499 inquiunt,
743 2410 926 2479 scholastici
946 2412 980 2478 iu
1006 2411 1147 2499 Collegio
1172 2411 1270 2500 hujus
1290 2411 1381 2480 urbis

313 2525 454 2613 gratuito
481 2525 704 2614 publiqueque
729 2525 920 2610 doceantur,
947 2525 1051 2611 inid,
1078 2538 1112 2594 ut
1140 2526 1210 2594 fieri
1237 2527 1318 2594 solet
1347 2526 1381 2594 in

313 2641 549 2710 parisiensibus
576 2640 736 2728 Collegiis,
763 2643 953 2711 admittetur
970 2665 1030 2732 pro
1054 2644 1202 2712 auditore
1225 2643 1381 2712 benevolo

313 2757 418 2848 quivis
433 2758 493 2825 hoc
505 2759 672 2848 postulans
688 2770 833 2848 natuque
845 2759 950 2848 major
962 2782 1062 2849 quam
1074 2773 1112 2828 ut
1126 2761 1383 2850 tanquamscho-

311 2875 443 2943 lasticus
454 2875 642 2963 recipiatur,
654 2876 830 2944 dummodo
842 2897 883 2944 ne
897 2877 1057 2966 quidquid
1071 2877 1277 2967 disciplinam
1291 2879 1382 2946 sobo

313 2994 418 3060 larum
438 2991 618 3081 perturbet,
642 3004 685 3075 et,
711 3003 883 3082 antequam
911 2993 944 3059 in
966 2991 1144 3081 Collegium
1165 2994 1378 3082 ingrediatur,

313 3109 528 3198 Principalem
544 3109 826 3198 professoremquc
842 3109 935 3177 classi
952 3132 1018 3199 quo
1034 3110 1199 3178 introduci
1215 3112 1290 3180 velit
1301 3133 1381 3202 praa-

311 3207 453 3316 positum
466 3225 590 3292 urbane
599 3224 784 3293 convenerit
798 3249 827 3291 ι.
842 3225 975 3292 Frustra
991 3225 1137 3292 additum
1153 3237 1201 3294 est
1214 3227 1381 3294 auditores

311 3341 480 3410 benevolos
501 3361 567 3409 uon
588 3341 730 3409 minores
751 3341 819 3408 fore
840 3341 934 3410 anuis
955 3342 1178 3430 duodeviginti
1205 3364 1265 3410 nec
1286 3364 1380 3431 posse

313 3459 425 3549 recipi,
441 3459 467 3526 si
486 3470 623 3543 «autea,
640 3458 903 3547 quibuscumque
916 3459 955 3527 de
969 3459 1087 3544 catrsis,
1103 3458 1243 3547 Collegio
1256 3459 1380 3549 expulsi

313 3575 441 3644 essent²
461 3601 489 3642 ι.

356 3694 549 3762 Timendum
567 3707 636 3762 orat
651 3716 691 3763 nc
705 3715 817 3762 omncs
835 3695 952 3762 classes
971 3695 1138 3785 discipulis
1159 3695 1380 3764 redundarent

312 3811 470 3901 imperitis
483 3821 539 3878 aut
551 3810 729 3900 disciplinae
747 3811 958 3900 moribusque
973 3811 1089 3879 noxiis.
1108 3810 1279 3880 Curatores
1293 3811 1379 3880 enim

350 4023 375 4074 1.
388 4018 467 4073 lrcb.
480 4018 544 4090 de.
553 4019 587 4075 D.
597 4023 639 4073 10.
648 4018 738 4072 Lettre
747 4018 780 4072 de
792 4017 910 4072 Roussel
919 4019 952 4073 de
962 4018 987 4074 la
997 4019 1071 4073 Tour
1080 4035 1115 4073 au
1126 4018 1287 4086 Bureau,28
1292 4017 1380 4090 juillet

314 4123 392 4173 1777.
406 4149 438 4160 -
448 4117 568 4189 Appeod.
579 4117 625 4173 lV.
638 4149 671 4156 —
680 4116 721 4172 Cl.
730 4118 763 4172 D.
776 4121 802 4173 3.
813 4117 830 4171 l.
846 4120 974 4185 ltalia,
986 4121 1026 4171 l‘r
1035 4121 1110 4185 aodt,
1120 4120 1136 4172 5
1146 4113 1288 4170 decembre
1299 4119 1380 4179 1777.

348 4222 374 4272 2.
391 4216 461 4270 lbid.
479 4216 513 4270 D.
530 4219 556 4287 3,
573 4215 667 4285 l.119,
686 4217 778 4285 16,-19
794 4215 903 4271 octobre
920 4218 999 4271 1778.
