3094 5100
791 629 928 695 ..58-

329 798 431 869 erant;
463 784 747 873 abjudicabantur.
777 782 922 872 Exempli
946 782 1066 870 gratia,
1098 782 1177 850 nulli
1202 781 1403 850 'secundario

322 899 502 992 praemium
530 919 662 988 poeseos
682 898 789 966 latinae
812 897 1036 986 sermonisque
1066 897 1158 972 latini
1182 896 1218 964 in
1243 897 1402 984 gallicum

331 1017 412 1086 versi
444 1037 529 1096 anno
561 1014 778 1084 MDCCLllllll
803 1015 969 1082 addictum
990 1014 1076 1082 est1.
1108 1014 1217 1101 Longe
1239 1013 1336 1081 aliam
1358 1013 1404 1080 ob

332 1151 475 1217 causam,
489 1150 553 1202 non
567 1134 671 1202 solum
685 1155 743 1202 sua
758 1132 892 1222 praemia
905 1130 1074 1221 discipulis
1087 1130 1401 1219 incidebantur-qui,

332 1250 411 1318 nibil
428 1250 581 1318 habentes
601 1249 686 1338 quod
701 1247 776 1338 jure
791 1258 993 1331 excusarent,
1010 1247 1220 1336 praemiorum
1240 1247 1402 1314 distribu-

332 1367 419 1436 tione
432 1367 576 1450 aberant,
590 1366 646 1434 sed
661 1366 756 1433 etiam
770 1364 925 1455 proximis
939 1363 1183 1432 tradebantur2.
1200 1364 1276 1431 llaec
1288 1375 1401 1432 autem

287 1539 290 1545 ,
333 1505 428 1573 poena
441 1504 500 1551 nec
517 1483 619 1572 culpae
632 1503 692 1550 nec
703 1481 847 1571 aequitati
860 1480 1070 1570 congruebat.
1087 1481 1127 1548 Ut
1140 1502 1228 1548 nuno
1240 1479 1278 1547 fit
1291 1481 1403 1548 adbuc

333 1601 366 1668 in
392 1599 615 1668 ecclesiasticis
637 1598 791 1686 collegiis
815 1597 1173 1688 praemiumsapientiae
1192 1598 1226 1665 in
1247 1599 1403 1666 omnibus

333 1718 489 1786 classibus
501 1738 519 1784 a
532 1716 730 1785 scholasticis
748 1715 825 1805 ipsis
838 1715 1069 1803 designabatur
1079 1714 1102 1782 ³.
1120 1715 1226 1794 Ortum
1239 1737 1316 1784 vero
1331 1716 1404 1784 Col-

332 1821 421 1920 'gium
440 1853 540 1922 prope
563 1833 687 1902 abesset
713 1833 753 1906 ab
779 1833 886 1917 exitio,
912 1856 925 1897 x
951 1831 1123 1922 praemium
1147 1829 1344 1900 excellentiae
1367 1833 1401 1899 in

334 1949 446 2039 quavis
465 1951 565 2018 classe
582 1949 626 2016 illi
649 1949 704 2039 qui
722 1949 897 2039 saepissime
918 1949 1061 2040 primum
1083 1961 1114 2020 et
1135 1951 1274 2019 alterum
1290 1951 1401 2018 locum

333 2067 368 2134 in
381 2087 510 2156 quaque
522 2067 672 2134 facultate
688 2065 870 2135 obtinuerat
886 2090 898 2130 t
915 2065 1098 2134 institutum
1113 2067 1194 2136 estl.
1208 2065 1316 2150 Quod,
1332 2078 1401 2134 tan-

334 2183 501 2251 lummodo
527 2183 567 2250 ad
596 2182 846 2270 intellegentiam
872 2181 1131 2271 industriamque
1162 2181 1400 2271 discipulorum

336 2299 522 2389 respiciens,
539 2300 614 2370 ,lere
639 2299 754 2367 iisdem
778 2297 1023 2367 condicionibus
1045 2297 1249 2383 adstrictum,
1271 2299 1304 2366 in
1325 2299 1403 2367 Uni-

334 2416 483 2484 versitate
502 2415 621 2484 Gallica
636 2415 817 2485 diutissime
835 2415 1024 2506 permansit.
1045 2415 1266 2490 Forteautem
1287 2417 1405 2484 moles·

334 2545 404 2602 tum
419 2534 530 2616 baberi
547 2545 650 2624 potest
664 2534 749 2623 quod
770 2533 878 2616 bodie,
899 2532 1006 2622 prisco
1027 2553 1115 2600 more
1131 2532 1297 2615 derelicto,
1321 2533 1402 2601 illud

336 2651 428 2740 quasi
442 2651 607 2740 sapientiae
620 2650 761 2718 simulac
773 2649 893 2736 ingenii
902 2649 1108 2716 facultatibus
1121 2670 1139 2716 a
1153 2648 1314 2736 magistris
1325 2648 1404 2717 assi-

333 2766 500 2867 gnandum
516 2768 574 2836 sit:
596 2767 671 2835 inde
684 2765 771 2834 enim
787 2765 822 2832 fil
833 2776 870 2832 ut
881 2786 1115 2854 nonnunquam
1133 2765 1155 2832 ii
1167 2786 1265 2855 quem
1281 2765 1404 2853 eligant

337 2885 450 2954 incerti
466 2885 531 2952 sint
550 2897 580 2954 ct
598 2885 631 2952 in
648 2884 865 2974 suspicionem
883 2883 1062 2972 iniquitatis
1078 2883 1235 2952 incidant.

382 3011 554 3100 Oportebat
576 3017 706 3100 qnoque
727 3008 898 3077 Curatores
919 3008 1018 3077 libros
1038 3009 1181 3098 praemiis
1202 3009 1404 3078 addicendos

338 3127 556 3217 disponerent.
584 3127 609 3192 Α
630 3126 791 3216 principio
814 3125 914 3212 igitur
933 3128 1114 3193 statuerunt
1138 3149 1152 3189 <r
1177 3125 1282 3193 nullos
1307 3126 1404 3194 scho-

337 3245 457 3313 lasticis
473 3243 542 3311 dari
558 3265 651 3333 posse
667 3243 743 3328 nisi,
760 3255 795 3311 ut
811 3265 870 3333 par
884 3256 944 3328 est,
962 3242 1111 3332 permissi
1128 3224 1283 3332 dignique
1297 3243 1405 3332 forent

339 3364 395 3455 qui
411 3374 550 3433 mentem
564 3385 736 3453 moresque
751 3363 977 3443 informarent,
995 3362 1225 3452 religionisque
1241 3361 1405 3451 principia

338 3609 372 3646 ne
394 3594 575 3645 concourront
593 3605 642 3660 pas
662 3605 731 3660 pour
747 3569 786 3642 les
806 3586 877 3660 prix.
899 3586 919 3640 ll
939 3603 973 3641 ne
989 3603 1049 3642 sera
1063 3585 1125 3658 plus
1140 3587 1231 3642 donne
1242 3565 1262 3642 b
1275 3586 1300 3642 la
1315 3585 1354 3641 fin
1370 3588 1405 3643 de

336 3690 442 3746 l'annee
461 3688 494 3742 de
514 3686 575 3759 prix
595 3703 663 3759 pour
681 3685 707 3740 la
726 3683 823 3740 lacnlte'
839 3684 871 3739 de
887 3702 960 3758 grec,
981 3683 1023 3740 s'il
1040 3683 1088 3758 n'y
1106 3702 1123 3740 a
1141 3701 1190 3757 pas
1209 3702 1243 3740 eu
1255 3690 1357 3742 autaut
1370 3686 1405 3741 de

338 3785 532 3860 compositions
548 3786 618 3840 dans
633 3789 702 3838 celte
717 3782 815 3838 inculte
830 3801 885 3855 que
899 3784 968 3839 dans
982 3782 1021 3838 les
1036 3789 1140 3840 autres.
1156 3805 1170 3834 n

377 3902 399 3952 1.
415 3894 494 3952 Arclt.
512 3895 575 3966 Dap.
592 3891 610 3947 f.
629 3896 672 3961 75,
689 3895 911 3949 7-8aoul1772.
962 3892 964 3896 ’

374 4009 405 4061 a.
417 4004 483 4060 reta.
498 4002 516 4059 r.
535 4005 595 4070 na,
609 3999 695 4073 ajuin
712 4004 791 4055 rme.

294 4153 296 4157 ,
375 4110 539 4189 alcluid.

375 4222 401 4276 t.
415 4220 483 4277 lutat.
500 4219 518 4276 l.
536 4221 642 4288 188,13
658 4217 754 4274 le'vrier
768 4220 847 4274 1789.
