3096 5088
645 632 786 688 -33-

186 789 403 872 6116666666
431 785 611 876 Episcopus
642 785 773 874 Collegii
805 785 942 873 negotiis
976 806 1010 854 66
1041 783 1249 870 immisceret,
1337 822 1339 830 ·

184 904 390 995 impedivisse
405 903 580 991 quominus
593 902 826 972 convictorium
839 902 918 969 illud
933 901 1133 992 pauperibus
1145 900 1253 970 addic-

185 1033 255 1089 tum
266 1022 368 1090 bonos
382 1020 486 1088 exitus
499 1018 644 1103 heberet,
657 1020 790 1088 moleste
801 1018 972 1088 serendum
983 1029 1042 1086 ost.
1055 1018 1135 1088 Nam
1147 1039 1253 1108 neque

186 1138 220 1206 iu
250 1166 263 1202 t
294 1137 434 1206 Recessu
459 1160 489 1219 t,
514 1157 531 1204 e
555 1157 620 1226 quo
647 1135 692 1202 illi
718 1135 811 1224 ejecti
836 1147 912 1204 sunt
933 1145 969 1204 ut
995 1135 1057 1202 hoc
1078 1134 1253 1202 aedificium

186 1275 324 1322 uacuum
344 1254 385 1322 ad
411 1252 587 1342 discipulos
607 1251 768 1342 quoslibet
788 1252 973 1342 promiscue
994 1251 1254 1321 intromittendos

187 1370 341 1439 idoneum
357 1380 452 1452 esset,
467 1389 573 1458 neque
589 1368 623 1436 16
636 1367 776 1456 Collegio
791 1368 874 1460 ipso,
892 1389 1038 1458 uuquam
1051 1368 1168 1437 deinde
1181 1389 1255 1438 con·

186 1487 319 1556 victorio
337 1486 495 1555 instructo
515 1505 670 1576 prospere
688 1485 854 1556 successit.

141 1607 144 1613 '
232 1604 356 1692 ltaque,
371 1602 450 1671 dum
463 1600 497 1670 in
512 1601 666 1689 ambiguo
682 1613 751 1670 erat
767 1601 873 1670 utrius
892 1601 925 1670 in
943 1601 1065 1672 ditione
1081 1602 1142 1672 hoc
1159 1614 1253 1686 esset,

187 1740 247 1788 666
263 1719 449 1803 rusticanis,
466 1719 586 1809 quibus
601 1740 732 1788 6666666
748 1731 817 1789 6661
833 1730 870 1787 61
884 1719 988 1787 ubivis
1005 1720 1181 1805 alerentur,
1196 1741 1256 1788 nec

188 1835 360 1906 ditioribus
378 1835 470 1926 ipsis,
489 1835 609 1926 quibus
628 1835 715 1905 idem
734 1836 913 1926 optandum
932 1836 1041 1904 forsan
1061 1848 1141 1921 erat,
1163 1837 1256 1927 copia

188 1952 242 2020 illa
265 1953 340 2020 data
365 1962 423 2021 est.
447 1951 638 2040 Principalis
659 1951 757 2036 enirn,
785 1953 837 2022 cui
857 1951 974 2022 licebat
992 1953 1114 2037 multis,
1138 1953 1256 2021 sivein

191 2093 205 2133 (
233 2067 372 2138 Recessu
400 2095 413 2130 n
443 2067 509 2136 sire
532 2067 565 2136 in
588 2066 742 2156 Collegio,
765 2068 941 2158 hospitium
966 2068 1148 2158 praeberel,
1167 2069 1255 2137 omni

188 2205 249 2274 666
271 2185 363 2256 61666
387 2197 434 2253 661
457 2185 563 2253 utrix
585 2186 756 2254 nonnullos
776 2185 825 2252 vel
845 2185 953 2274 potius
977 2185 1082 2254 nullos
1108 2186 1256 2254 alumnos

188 2300 354 2372 haberet2.
384 2301 542 2392 Denique,
567 2323 669 2393 quum
700 2301 728 2370 ei
753 2302 845 2371 66661
869 2313 987 2385 666661,
1018 2330 1031 2364 t
1065 2302 1258 2370 valetudinis

188 2535 238 2594 666
251 2519 286 2577 M.
302 2520 335 2575 de
347 2518 500 2594 L’Averdy,
514 2523 546 2576 15
560 2537 632 2576 mars
644 2521 712 2575 1163
725 2536 731 2576 :
747 2519 825 2576 «Les
840 2518 958 2575 officiers
973 2517 1150 2592 municipaux
1165 2518 1258 2575 obser-

189 2614 255 2664 vent
269 2626 322 2682 que
333 2607 395 2682 plus
405 2610 439 2665 de
448 2609 475 2664 16
484 2607 577 2664 moitie'
589 2609 638 2664 des
648 2607 758 2664 66611666
773 2609 810 2663 (16
821 2607 929 2682 College
945 2615 1008 2664 sont
1018 2609 1052 2664 (16
1061 2607 1087 2664 16
1096 2626 1257 2682 compagae,

190 2697 232 2753 fils
247 2699 281 2753 de
295 2698 457 2755 laboureurs
472 2716 548 2755 assez
563 2697 635 2754 aises
650 2715 719 2771 pour
732 2697 771 2754 les
787 2717 806 2771 y
820 2715 950 2772 envoyer,
961 2698 1030 2754 mais
1040 2716 1090 2772 666
1102 2715 1179 2754 66666
1189 2716 1259 2772 6666

189 2786 229 2844 166
243 2793 339 2845 mettre
353 2789 424 2846 dans
439 2789 473 2846 de
487 2788 593 2844 bonnas
609 2787 751 2861 66661666.
768 2787 803 2843 116
821 2805 850 2844 66
863 2787 958 2861 logeut
972 2789 1036 2844 chen
1050 2788 1089 2844 166
1103 2806 1172 2862 gens
1186 2789 1220 2844 de
1234 2788 1260 2844 la

189 2877 223 2933 lie
236 2878 273 2932 du
286 2877 383 2951 peuple
398 2877 444 2951 qui
459 2877 498 2934 les
511 2877 684 2934 nourrisseut
698 2877 920 2951 grossierement,
934 2884 961 2934 61
975 2879 1110 2934 couchent
1122 2876 1258 2952 plusieurs

190 2967 260 3022 (1666
275 2966 301 3022 16
316 2971 403 3023 meme
418 2968 556 3025 chambre.
572 2968 608 3023 (16
623 2967 731 3023 dernier
746 2967 820 3041 objet
834 2966 921 3023 excite
935 2966 961 3022 16
975 2967 1126 3023 sollicitnde
1137 2968 1186 3023 des
1201 2967 1259 3024 olfi-

190 3054 259 3111 ciers
276 3054 454 3129 municipaux
473 3056 521 3130 (661
537 3055 700 3113 voudraient
718 3055 848 3129 pourvoir
863 3060 879 3112 a
893 3055 918 3112 16
933 3057 1125 3113 conservation
1138 3057 1172 3112 de
1186 3056 1259 3113 leurs

190 3145 758 3220 16666661661666666661166.1’661666
772 3163 872 3220 moyen
886 3146 920 3202 de
935 3146 1067 3203 remedier
1081 3150 1097 3203 a
1110 3146 1260 3203 66616666-

190 3235 316 3292 66616616
331 3242 382 3306 661,
400 3236 513 3294 suivant
522 3237 562 3293 les
576 3236 693 3292 olficiers
705 3236 893 3310 municipem,
906 3237 1050 3294 d'achever
1060 3237 1098 3293 les
1111 3237 1259 3293 batimeuts

190 3326 224 3381 de
234 3325 344 3382 retraite
354 3343 423 3399 pour
434 3325 549 3400 pouvoir
558 3326 597 3382 les
610 3346 629 3400 y
639 3326 724 3402 loger,
737 3325 776 3382 les
787 3345 806 3400 y
816 3325 925 3382 nourrir
936 3326 1117 3400 frugalement
1126 3345 1161 3384 66
1174 3333 1260 3383 meme

190 3414 252 3488 prix
264 3415 344 3488 qu'ils
359 3415 452 3489 661661
467 3419 483 3472 a
497 3415 569 3473 leurs
585 3417 663 3472 hdtes
678 3423 705 3473 61
719 3435 738 3490 y
753 3416 843 3472 reiller
858 3420 874 3473 1
887 3416 1002 3491 l'emploi
1013 3418 1047 3473 de
1061 3417 1119 3473 1666
1132 3424 1231 3491 temps.
1244 3440 1259 3470 u

191 3536 225 3546 —
239 3504 280 3561 Cl.
299 3506 453 3578 Donarche,
469 3506 643 3564 1861666616
653 3507 685 3563 (16
699 3508 779 3562 Poris
794 3510 820 3562 61
837 3507 873 3563 166
887 3509 1013 3573 leonites,
1025 3525 1053 3580 p.
1067 3512 1110 3577 17,
1125 3513 1152 3563 61
1167 3507 1259 3575 Curre,

192 3594 594 3667 1Ἔπε616661666166666616166
609 3600 626 3652 (1
642 3599 747 3670 166666,
763 3615 790 3671 p.
808 3603 868 3654 111.

228 3689 252 3739 1.
269 3685 350 3741 Arcb.
369 3686 432 3757 nep.
450 3686 484 3741 D.
502 3689 527 3740 3.
543 3685 563 3741 f.
580 3689 642 3753 113,
658 3691 691 3742 11
706 3687 815 3743 octobre
832 3690 911 3746 1717.

227 3775 253 3828 2.
267 3773 335 3830 ibid.
353 3774 388 3828 D,
406 3776 431 3830 9.
448 3775 540 3829 Lettre
558 3774 591 3829 de
607 3773 720 3843 Boistel,
741 3775 837 3830 ancien
853 3775 1077 3834 administrateur
1089 3776 1126 3832 du
1142 3775 1259 3850 Collega,

194 3865 226 3916 ta
241 3861 382 3918 decembre
398 3865 465 3918 1116
478 3879 486 3918 2
504 3885 516 3916 n
533 3863 570 3918 Le
585 3862 721 3936 Principal
736 3868 863 3922 trouvera
875 3871 1012 3939 6661-6166
1026 3864 1050 3921 16
1064 3883 1174 3939 moyen,
1191 3866 1261 3922 (1666

192 3949 216 4005 16
226 3967 306 4006 66666
320 3950 479 4021 (16166666,
496 3951 603 4008 d'avoir
613 3959 710 4025 quatre
720 3970 756 4009 ou
768 3953 833 4028 oinq
845 3955 1054 4028 pensionnaires
1064 3955 1131 4028 qu'il
1141 3972 1176 4011 ne
1185 3973 1262 4012 man-

193 4057 278 4112 quera
299 4040 377 4114 point
397 4041 566 4098 d¹anuoucer
588 4059 691 4099 comme
714 4062 751 4099 un
771 4044 938 4117 6666166661
957 4045 1004 4118 (661
1023 4063 1178 4102 6616666666
1198 4050 1214 4102 'a
1232 4065 1262 4103 66

193 4129 302 4186 former.
318 4153 333 4181 »
350 4131 390 4187 Cl.
408 4132 441 4188 D.
459 4135 484 4188 3.
501 4132 520 4189 l.
538 4135 599 4202 138,
618 4137 657 4188 1tr
669 4132 731 4206 juin
747 4139 826 4204 1181,
843 4136 949 4193 Extrait
963 4137 997 4192 de
1011 4136 1037 4192 la
1051 4135 1130 4192 lettre
1145 4137 1183 4192 du
1198 4141 1262 4211 666-

194 4218 285 4276 sident
300 4219 426 4292 Rolland,
444 4225 477 4275 12
495 4221 563 4278 avril
581 4227 646 4280 1181
663 4241 669 4278 :
689 4247 704 4276 «
720 4223 741 4278 ll
755 4224 826 4281 n'est
841 4224 990 4283 nullement
1003 4226 1157 4284 6666666166
1172 4245 1225 4300 (666
1239 4228 1263 4284 16

1141 4339 1156 4388 3
