3094 5100
638 629 780 688 ..73-

175 785 323 854 utilitatis
348 784 529 854 eommunis
550 785 736 875 artiumque
760 786 969 855 honestarum
992 785 1245 875 intemperanter

173 903 310 972 studiosi
334 900 512 990 Collegium
534 902 725 992 scholasque
744 903 895 970 omnibus
916 912 1063 992 patentes
1083 902 1244 971 acivitate

174 1040 280 1110 nuper
308 1019 472 1088 institutas
501 1020 590 1087 nullo
622 1009 810 1087 discrimine
842 1018 1016 1087 habebant.
1048 1020 1099 1103 m,
1133 1018 1241 1103 credo,

174 1135 333 1226 quamvis,
353 1135 381 1204 si
401 1134 506 1204 verbis
522 1115 655 1225 ipsis'ea
674 1157 747 1224 quae
767 1135 896 1204 decreta
913 1146 988 1203 sunt
1002 1131 1238 1225 interpretaris,

172 1251 358 1343 promiscue
381 1251 415 1318 in
435 1272 549 1319 omnes
569 1251 686 1319 classes
707 1251 872 1319 auditores
895 1250 1086 1319 admittendi
1104 1250 1239 1335 luerint,

174 1389 225 1436 res
244 1367 315 1457 ipsa
333 1367 430 1435 verba
450 1389 515 1435 non
536 1377 647 1435 secuta
666 1377 725 1435 est.
749 1366 841 1435 Certe
859 1366 1030 1436 Curatores
1050 1367 1090 1435 de
1107 1366 1147 1434 iis
1168 1366 1243 1436 solis

173 1483 230 1574 qui
246 1483 277 1550 in
291 1483 529 1573 philosophiam
546 1482 704 1552 intrarent
719 1483 912 1550 nominatim
926 1482 1093 1551 edixerant
1105 1504 1145 1552 ue
1158 1484 1243 1550 ullus

172 1599 373 1690 reciperetur
385 1622 402 1666 c
415 1599 606 1689 priusquam
616 1599 657 1667 de
669 1599 783 1686 gallico
792 1599 826 1665 in
836 1599 1082 1688 latinumatque
1093 1599 1133 1666 de
1143 1599 1242 1668 latino

172 1715 206 1782 in
223 1715 376 1804 gallicum
394 1715 610 1784 transtulisset
629 1735 702 1804 quae
723 1737 741 1782 a
759 1715 915 1802 magistro
935 1714 1104 1783 rhetorica
1123 1715 1243 1784 dictata

173 1844 335 1918 essent,...
366 1834 411 1902 ita
438 1845 474 1902 ut
498 1855 562 1902 non
584 1833 753 1924 discipulis
785 1832 856 1922 ejus
890 1833 1111 1903 mediocribus
1138 1833 1244 1924 impar

172 1947 280 2016 esset¹
308 1972 337 2016 a.
369 1949 446 2017 lnde
473 1949 717 2041 praecavebatur
744 1971 786 2018 ne
810 1950 1029 2019 adolescentes
1061 1949 1241 2018 litterarum

171 2064 304 2135 omuino
318 2065 416 2134 rudes
431 2066 672 2156 philosophiam
688 2066 887 2135 invaderent.

217 2190 412 2260 Parlamenti
432 2213 506 2260 vero
526 2192 661 2279 legatus,
685 2192 853 2275 Rouunun,
872 2191 913 2259 de
933 2190 995 2259 hoe
1013 2191 1180 2260 laborabat
1200 2192 1241 2258 ad

172 2305 344 2380 Curatores
358 2307 524 2376 scribens:
542 2330 559 2374 o
573 2307 665 2387 Quod
680 2308 720 2376 de
732 2307 894 2376 benevolis
912 2307 1125 2376 deliberatum
1141 2319 1189 2376 est
1201 2308 1240 2375 ad

171 2423 318 2512 quamvis
338 2424 471 2492 classem
492 2423 654 2514 pertinere
674 2424 754 2491 mihi
777 2423 945 2492 videbatur
963 2445 971 2506 ;
994 2445 1095 2513 quum
1117 2445 1242 2492 asseve-

172 2539 249 2607 retis
262 2539 294 2607 id
307 2540 340 2606 in
352 2540 557 2630 philosophia
571 2541 638 2609 sola
654 2540 782 2624 confici,
798 2540 1000 2609 tolerandum
1017 2539 1098 2609 0011.
1119 2540 1240 2621 »Quod

171 2670 280 2728 autem
297 2658 452 2725 toleratur
468 2678 533 2726 non
553 2656 626 2726 ideo
642 2658 807 2726 landatur.

217 2783 283 2852 Etsi
304 2784 390 2852 enim
413 2805 509 2874 quem
530 2784 651 2853 exitum
677 2795 808 2853 mutatae
834 2804 885 2851 res
905 2784 1066 2853 habiturae
1091 2785 1156 2854 sint
1176 2807 1241 2857 non

172 2901 282 2970 animo
296 2900 519 2990 perpenderis,
533 2921 571 2969 ea
585 2900 797 2969 nihilomiuus
813 2899 961 2989 ¹evenient
977 2921 1050 2989 qum
1067 2923 1241 2972 causarum

171 3018 271 3088 series
300 3019 415 3106 gignit.
443 3019 614 3087 Auditores
639 3019 685 3086 illi
715 3018 784 3108 qui,
810 3017 941 3107 optimis
968 3019 1093 3088 artibus
1124 3041 1241 3110 parum

171 3135 304 3219 eruditi,
324 3134 356 3201 iu
372 3135 612 3224 philosophiam
627 3135 874 3225 coaptabuntur,
894 3153 970 3203 sane
983 3136 1085 3220 magis
1100 3137 1240 3227 physicae

171 3272 270 3342 qnam
286 3252 398 3339 logicae
415 3251 535 3319 curiosi
552 3262 654 3320 erant.
671 3250 731 3320 Sed
747 3251 835 3341 quod
850 3252 945 3320 ambo
958 3251 1105 3339 'magistri
1118 3253 1241 3321 alterna

169 3368 239 3437 vice
261 3381 432 3458 utramque
454 3368 698 3458 praecipiebant,
722 3368 761 3436 iis
786 3367 965 3436 molestiam
987 3389 1137 3456 maguam
1162 3369 1240 3438 alle-

170 3485 272 3554 rebat.
293 3485 373 3554 Nam
395 3485 606 3554 Rurnnnnde
623 3485 677 3554 illa
697 3484 1239 3573 (10010100001100001100000ου00

185 3741 189 3751 ·
206 3722 232 3774 l.
244 3717 325 3774 Arch.
338 3718 401 3790 nep.
414 3716 433 3772 1.
447 3721 507 3785 119,
523 3719 555 3772 19
568 3716 677 3772 octobre
693 3720 777 3772 1778:
793 3737 806 3766 «
821 3715 842 3770 ll
857 3732 890 3770 ne
907 3732 968 3772 sera
982 3715 1069 3771 aduris
1085 3733 1120 3771 00
1132 3715 1241 3790 Collega

170 3818 203 3874 de
217 3822 287 3873 00110
301 3815 360 3872 ville
373 3833 464 3875 aucun
476 3815 572 3872 doolier
582 3833 615 3871 00
629 3814 799 3888 philosophie
813 3814 879 3886 qu'il
891 3814 958 3873 u'ait
969 3814 1179 3887 prealablement
1191 3815 1240 3872 tait

171 3933 208 3972 un
219 3915 310 3971 theme
320 3920 346 3971 et
358 3932 410 3970 000
421 3913 530 3970 version
543 3913 629 3970 dictes
640 3930 689 3986 par
698 3913 723 3968 le
732 3913 889 3985 professeur
899 3914 932 3970 de
941 3912 1098 3986 rhetorique
1108 3931 1114 3969 :
1125 3913 1241 3971 l'ecolier

170 4030 204 4069 ne
220 4029 282 4068 scra
294 4013 382 4068 udmis
397 4013 477 4085 qu'eu
493 4012 595 4068 laisaut
609 4029 653 4067 000
665 4010 774 4069 devoirs
787 4029 889 4069 comme
899 4012 938 4068 les
951 4011 1065 4068 leraieut
1079 4011 1118 4067 les
1128 4012 1239 4070 dcoliers

169 4110 580 4184 mffimmdwmmmm»

207 4222 234 4275 2.
247 4218 315 4275 lbid.
328 4219 361 4275 D.
374 4221 399 4275 3.
413 4212 430 4273 l.
444 4223 504 4288 138,
519 4223 559 4273 ler
568 4218 630 4290 juin
643 4222 707 4273 last
723 4218 825 4290 (Lettre
836 4219 870 4274 de
885 4217 1012 4290 Rolland,
1025 4223 1057 4274 12
1069 4217 1136 4274 avril
1147 4220 1236 4290 1781).
