3094 5100
621 623 762 679 -63-

161 761 249 850 diam
280 781 378 850 latiae
408 780 579 870 scriptam,
610 780 642 847 in
677 757 819 848 scenam*
839 755 1042 847 deducebant
1070 756 1182 867 (1733)
1201 777 1223 848 ¹.

161 897 280 966 Contra
308 910 429 980 autem,
458 896 498 964 ad
524 897 706 986 exemplum
732 895 955 964 Universitatis
983 894 1183 978 ParisiensiS,
1210 917 1228 961 a

47 1061 50 1066 -
161 1014 373 1083 (iuratoribus
399 1012 541 1101 Collegio
563 1013 632 1080 ludi
657 1012 775 1081 scenici
800 1012 964 1102 sapienter
985 1011 1084 1079 amoti
1112 1009 1225 1079 sunt2.

207 1141 292 1228 Ergo
315 1139 473 1229 quidquid
500 1140 539 1207 ad
565 1138 810 1207 exercitationes
835 1138 982 1228 publicas
1007 1148 1063 1205 aut
1087 1137 1227 1226 privatas

162 1255 304 1348 praemiis
330 1255 497 1325 donandas
523 1256 636 1324 attinet
668 1276 795 1324 summa
823 1254 990 1342 diligentia
1018 1253 1227 1322 constitutum

162 1385 231 1441 erat
247 1385 282 1440 ut
300 1373 407 1441 studia
422 1394 521 1463 quam
534 1372 677 1440 maxime
691 1371 855 1440 florerent.
874 1371 962 1438 adde
979 1370 1066 1460 quod
1087 1371 1226 1439 scholas-

162 1490 218 1558 tici
235 1511 293 1579 per
311 1490 408 1558 l'erias
425 1511 524 1579 pensa
541 1489 691 1579 quaedam
712 1488 870 1556 conficere
891 1499 922 1556 et
940 1499 1110 1555 auctorum
1123 1484 1226 1576 'quos-

163 1607 237 1673 dam
254 1606 340 1674 locos
355 1607 542 1674 adverbum
556 1605 721 1674 memoriae
737 1605 892 1673 mandare
907 1604 1117 1691 cogebantur,
1134 1614 1170 1671 ut
1186 1603 1225 1670 ad

163 1721 296 1788 classem
311 1719 513 1810 superiorem
526 1721 663 1788 transire
676 1731 806 1810 possent
815 1719 839 1786 ³.
855 1720 901 1787 ad
914 1721 975 1788 boc
986 1720 1083 1788 etiam
1092 1706 1225 1802 veteres

163 1848 307 1928 tempore
331 1837 486 1906 feriarum
510 1837 711 1922 imminente,
733 1859 832 1906 novos
854 1848 975 1921 autem,
1001 1859 1102 1926 quum
1126 1835 1227 1905 Colle·

163 1952 252 2040 giam
272 1953 379 2043 primo
397 1933 537 2038 adirent,
556 1951 805 2045 circumspicere
824 1974 893 2023 mos
910 1966 989 2050 crat.
1012 1953 1060 2020 llli
1078 1975 1152 2022 vero
1171 1952 1227 2043 qni

164 2082 237 2138 ante
251 2071 348 2138 ferias
364 2069 523 2155 abierant,
543 2071 680 2159 regressi
697 2092 761 2139 non
778 2093 815 2139 ex
834 2071 895 2139 isto
907 2071 1031 2160 judicio
1047 2071 1225 2139 evolabant.

164 2185 339 2277 Principio,
363 2209 464 2276 quum
486 2188 636 2257 aon-nulli
657 2187 808 2278 discipuli
829 2198 971 2256 extremo
995 2209 1079 2256 anno
1103 2187 1227 2274 indigni

164 2300 264 2368 habiti
282 2313 374 2369 erant
389 2302 446 2391 qui
464 2302 652 2386 transirent,
670 2302 777 2369 statim
796 2301 834 2369 iis
851 2301 1055 2370 indicebatur
1068 2312 1105 2368 ut
1117 2323 1228 2368 marte·
1299 2354 1302 2359 .

162 2426 246 2486 reat.
264 2418 385 2487 Deinde
398 2429 519 2503 autem,
533 2420 594 2487 bac
608 2419 775 2488 severitate
792 2418 937 2502 remissa,
956 2444 969 2482 r
989 2419 1106 2509 cuique
1119 2418 1228 2508 priore

160 2557 248 2604 anno
269 2557 399 2605 mactare
416 2536 509 2626 jusso
529 2557 717 2606 concessum
734 2547 788 2604 est·
802 2535 940 2626 primam
961 2537 992 2602 ia
1015 2537 1114 2604 classe
1132 2557 1228 2625 supe-

164 2641 250 2721 riore
269 2652 531 2722 exercitationem
557 2674 652 2742 agere
673 2664 709 2721 ut
729 2652 761 2720 in
783 2664 888 2720 utram
913 2651 1048 2721 intraret
1069 2651 1228 2741 dijudica·

164 2771 279 2838 retur⁴
296 2797 325 2838 a.
344 2770 531 2840 lllinutiores
544 2770 690 2860 quamuis
706 2770 768 2838 illae
787 2770 905 2858 regulae
921 2769 1053 2855 luerint,
1069 2770 1229 2838 nescimus

164 2909 205 2955 an
233 2887 266 2954 in
293 2887 469 2978 discipulos
497 2887 587 2956 oneri
619 2887 759 2977 impares
788 2887 834 2954 vel
862 2886 971 2976 pigros
1001 2885 1146 2954 saevitum
1175 2886 1226 2953 sit.

163 3003 291 3073 Scilicet
309 3005 510 3093 indulgentia
526 2991 655 3072 duritiae
672 3005 715 3072 ita
731 3003 881 3094 praestitit
900 3015 935 3072 ut
953 3003 1060 3072 studia
1079 2995 1182 3091 magis
1199 3012 1230 3070 et

164 3122 267 3209 magis
287 3104 434 3213 inpejus
453 3120 694 3190 declinaverint.
733 3105 735 3110 ¹
1011 3109 1014 3114 ¹
1179 3110 1183 3120 ’

159 3249 164 3262 ’
209 3247 376 3326 Quomodo
393 3269 468 3316 vero
484 3247 628 3335 linguam
649 3267 801 3336 graecam,
823 3245 970 3329 latinam,
992 3245 1140 3333 gallicam
1160 3265 1228 3312 ma-

163 3365 256 3456 gistri
274 3365 455 3460 docue'rint,
476 3387 595 3455 quosre
618 3351 792 3456 scriptores
812 3364 1051 3454 explicaverint,
1072 3363 1152 3431 nihil
1170 3384 1230 3453 pro

164 3493 253 3550 certo
265 3482 433 3551 habemus.
446 3481 617 3550 Librorum
631 3481 717 3552 enim
728 3480 924 3550 scholarium
938 3479 1054 3548 indicis
1067 3479 1100 3547 in
1113 3477 1229 3547 tabulis

202 3720 226 3770 1.
244 3716 390 3788 catalogue
404 3715 448 3772 des
463 3716 629 3771 manuscrits
644 3715 677 3770 dc
692 3713 917 3784 laBibliotlre'pac
931 3713 1079 3780 d’Amieas,
1092 3714 1154 3781 442,
1166 3713 1228 3768 532.

200 3817 226 3869 2.
243 3811 324 3868 Arcb.
341 3814 405 3884 de.
426 3814 460 3869 D.
477 3817 503 3869 3.
520 3812 539 3868 l.
556 3818 581 3870 6.
599 3811 760 3886 Reglemenl
778 3829 847 3885 pour
859 3811 885 3866 la
900 3810 1043 3884 discipline
1057 3810 1094 3866 du
1111 3809 1229 3882 Collega,

165 3917 216 3966 art.
233 3911 307 3967 XIV.
623 3915 642 3960 '.
1212 3899 1214 3904 ¹

202 4013 227 4065 a.
244 4011 312 4066 rata.
329 4009 348 4066 r.
365 4014 409 4081 oo,
427 4015 459 4067 15
472 4009 560 4083 juata
574 4014 653 4067 1774.
708 3997 712 4003 ’

201 4111 228 4163 4.
246 4108 313 4164 lbid.
329 4108 363 4163 D.
376 4111 402 4162 3.
411 4107 431 4164 f.
443 4112 469 4164 3.
481 4107 643 4180 Reglement
657 4124 727 4179 pour
736 4106 761 4162 la
771 4106 913 4180 discipline
926 4108 963 4163 du
974 4101 1092 4180 Collega,
1104 4103 1229 4163 erl.·Xll.

165 4207 185 4262 l.
201 4209 245 4275 47,
259 4208 302 4276 74,
318 4210 378 4276 119,
393 4210 409 4262 2
424 4206 565 4262 decembre
579 4208 657 4276 1768,
671 4199 801 4278 rx'juillet
815 4210 892 4277 1772,
906 4211 938 4263 16
951 4206 1061 4262 octobre
1075 4209 1152 4262 1778.
1215 4195 1218 4202 ¹
