3094 5100
346 743 484 835 publicis
497 744 721 812 tantummodo
736 744 846 813 titulus
860 745 950 814 adest
961 744 983 812 ¹.
1000 745 1160 813 Nonnulla
1173 746 1416 835 tamenscripta
1510 757 1511 768 ¹

345 848 525 927 notavimus
539 881 624 949 qum,
641 860 789 928 Ambiani
807 861 1068 929 duodevicesimo
1085 861 1204 929 saeculo
1222 863 1305 952 typis
1322 884 1414 930 man-

346 977 433 1061 data,
448 978 531 1044 torte
544 976 655 1066 pueris
672 977 877 1045 instituendis
892 977 1035 1045 adbibita
1051 988 1126 1046 snut
1138 977 1161 1045 ².
1176 977 1304 1047 Scimus
1319 981 1413 1048 etiam

345 1115 382 1162 ex
407 1091 614 1161 Bibliothecae
635 1091 765 1180 Collegii
794 1094 937 1181 catalogo
963 1105 1041 1182 quot
1064 1105 1095 1161 et
1120 1094 1176 1184 qni
1202 1095 1235 1161 in
1263 1096 1415 1164 manibus

345 1211 574 1298 magistrorum
613 1209 687 1277 libri
725 1223 942 1294 versaremur,
978 1233 1118 1301 qnorum
1155 1213 1304 1302 plerique
1340 1226 1414 1282 ante

344 1328 483 1397 lesnitas
506 1329 655 1416 expulsos
675 1329 774 1417 empti
795 1339 898 1396 erant.

391 1454 478 1520 lnter
501 1454 570 1520 baec
591 1452 696 1521 onmis
719 1453 846 1540 generis
867 1475 965 1542 opera
988 1465 1202 1521 numerantur
1225 1455 1350 1544 aliquot
1374 1456 1413 1522 ad

346 1591 443 1638 usum
458 1569 679 1658 professorum
694 1568 995 1659 discipulorumque
1010 1549 1131 1659 pariter
1145 1572 1389 1640 accommodata
1405 1595 1412 1638 :

348 1687 539 1770 Claternae,
557 1686 799 1774 Despuateriuc,
814 1686 1010 1774 Aplttoaiuc,
1030 1685 1235 1754 Candidatus
1251 1688 1415 1756 rhetorica

347 1811 458 1870 555155
479 1802 935 1890 5155555558515555511155,
958 1803 1173 1872 Tertullinus
1191 1803 1283 1883 Quod
1305 1816 1413 1872 aulem

346 1919 455 2009 potius
481 1918 521 1986 ad
544 1918 715 2006 magistros
741 1919 865 2003 attinet,
888 1919 1061 2009 scriptores
1080 1920 1189 2007 graeei,
1210 1919 1302 1987 latini
1323 1921 1414 2008 galli·
1510 1897 1511 1904 ¹

348 2014 443 2124 cique
467 2034 637 2102 clarissimi
660 2056 725 2103 non
748 2035 878 2120 desunt,
903 2046 1021 2125 praeter
1040 2057 1143 2103 unum
1162 2036 1298 2120 Pescen,
1321 2036 1415 2125 cnjus

347 2174 465 2221 nomen
485 2153 591 2242 ipsum
611 2153 732 2220 trustra
749 2153 931 2242 requires³.
954 2154 994 2220 At
1014 2174 1088 2221 vero
1104 2153 1262 2221 Fradnon4
1282 2154 1415 2242 amplis-

346 2269 466 2338 simum
488 2268 596 2334 locum
620 2267 753 2335 obtinet.
782 2266 873 2334 Unde
898 2267 990 2333 facile
1013 2267 1222 2336 aestimaveris
1243 2269 1415 2336 saeculares
1510 2255 1511 2310 1

348 2384 531 2472 magistros
561 2384 732 2472 plerosque
763 2383 908 2467 clericae,
940 2383 996 2472 qni
1025 2383 1058 2450 in
1088 2383 1190 2452 vicem
1216 2384 1414 2452 lesuitarum
1510 2403 1511 2450 3

348 2509 581 2582 successerant,
607 2498 689 2566 nihil
706 2499 850 2588 prolecto
868 2499 907 2568 de
924 2499 1038 2568 litteris
1056 2499 1210 2569 docendis
1228 2501 1413 2569 mutavisse.

392 2625 475 2705 Quid
495 2624 623 2691 multa?
645 2623 685 2691 Ut
703 2623 736 2690 iu
758 2624 857 2692 dnbio
878 2623 1001 2713 estqui
1022 2624 1195 2714 scriptores
1218 2627 1266 2694 vel
1286 2627 1343 2694 toti
1367 2627 1415 2694 vel
1510 2669 1511 2698 t

348 2742 457 2831 aliqua
479 2752 583 2831 parte,
607 2751 643 2807 ut
665 2751 743 2807 tunc
766 2741 899 2824 solebat,
928 2741 1177 2830 explicarentur,
1203 2741 1249 2810 sic
1275 2743 1415 2810 maxima
1510 2757 1511 2786 ³

347 2880 427 2938 cura
440 2857 539 2927 libros
551 2856 734 2943 designatos
747 2878 816 2926 esse
830 2869 1029 2946 compertum
1043 2858 1212 2926 babemus.
1225 2860 1307 2927 Ante
1318 2859 1415 2927 serias
1510 2927 1511 2930 ,

385 3097 410 3150 1.
427 3092 507 3149 dreit.
525 3095 587 3165 Dep.
605 3092 638 3148 D.
656 3093 682 3148 8.
700 3093 728 3146 6ο
744 3091 936 3172 Memoiresnr
950 3092 989 3148 155
1003 3091 1085 3150 livres
1101 3094 1133 3150 de
1148 3047 1252 3152 classe:

384 3195 410 3247 2.
435 3191 569 3247 Ouidius:
594 3190 744 3246 Sententia
768 3208 801 3245 ex
825 3187 868 3246 illo
890 3192 1022 3264 decerptae
1048 3192 1082 3247 ad
1106 3209 1194 3247 mores
1216 3191 1415 3251 informandos
1510 3197 1511 3248 l

347 3291 485 3361 Ambiani,
513 3295 591 3361 1754,
614 3293 650 3348 V⁰
672 3293 784 3349 Godart.
811 3325 842 3334 -
868 3295 1001 3349 Prosodiu
1026 3295 1116 3350 lutiuu
1139 3295 1174 3350 ud
1196 3311 1277 3351 usum
1303 3296 1417 3367 Colleqii
1510 3295 1511 3318 ¹

348 3392 539 3446 Ambiaueust's
554 3391 695 3447 8551515115
710 3395 782 3448 lesu.
796 3391 934 3461 Ambiani,
948 3397 1025 3461 tuto,
1037 3393 1072 3447 Ve
1084 3393 1197 3450 Godart,
1209 3425 1242 3433 ——
1254 3395 1416 3450 Redimeuts

347 3506 494 3546 uoaeeuue
507 3491 539 3546 de
555 3492 582 3546 15
600 3492 699 3562 luuque
715 3492 810 3555 151155,
831 3494 870 3545 qa
885 3495 910 3546 et
927 3493 959 3546 2⁶
973 3493 1073 3563 partie.
1093 3492 1115 3546 A
1134 3492 1239 3566 l’nsage
1258 3493 1307 3548 des
1328 3492 1415 3548 555155

348 3588 499 3644 d'Amiens.
525 3589 589 3658 (Par
616 3588 705 3644 t’ahbe
731 3588 855 3658 Vallart.)
883 3589 1012 3645 Nonvelle
1039 3589 1152 3646 e'dition.
1181 3590 1307 3660 ArnienS,
1335 3594 1414 3646 1760.

348 3686 512 3744 V⁰Godart.

385 3788 410 3840 3.
432 3786 578 3856 tutelaque
599 3786 631 3842 de
652 3785 679 3839 15
699 3786 886 3856 bibliotheque
907 3786 943 3842 du
963 3787 1088 3844 uideuaat
1108 3787 1212 3859 Colltqe
1226 3787 1414 3844 d'dmieue.A

348 3883 471 3952 Amiano,
482 3884 535 3939 l'an
548 3887 576 3937 1ε
587 3885 620 3939 de
634 3884 660 3939 la
671 3884 844 3958 Republiqne
857 3884 1013 3953 Franqaise.
1029 3886 1228 3958 (bibliotheque
1241 3889 1415 3943 communale

347 3983 495 4051 d’Aeuieue,
512 3984 686 4047 llauuscrits,
703 3982 775 4053 ten.)

383 4085 410 4139 A.
427 4083 527 4138 lettres
543 4099 592 4137 sar
607 4082 733 4151 quelques
748 4081 828 4136 ecrite
843 4082 876 4136 tle
889 4098 918 4138 55
933 4086 1028 4167 temps,
1044 4085 1137 4140 dante
1156 4084 1300 4141 litteroire.
1319 4085 1413 4158 (1754-

349 4180 440 4252 trit).
