3096 5088
631 645 771 700 -45,

166 797 264 865 Decet
278 796 364 864 enirn
381 795 421 863 ad
437 795 629 880 libertatem,
647 799 713 864 non
729 795 770 864 ad
788 794 974 864 servitutem
996 795 1121 864 animos
1142 794 1234 864 insti*

167 913 226 980 tui.
252 913 332 982 Nam
358 933 486 981 morum
511 913 659 982 doctrina
684 912 825 1002 quadam
847 911 956 996 tacita,
979 912 1048 980 sine
1072 892 1253 980 intermis?

166 1029 259 1097 sione
284 1051 407 1120 sparsa,
431 1040 556 1098 mentes
580 1050 757 1119 puerorum
783 1028 1100 1118 adolescentiumque
1121 1028 1236 1097 melius

168 1145 310 1233 corriges
339 1167 437 1235 quam
468 1145 699 1237 praedicatione
727 1144 874 1214 sollemni
902 1166 967 1235 qua
994 1144 1112 1233 saepius
1141 1165 1236 1214 aures

167 1263 288 1330 frustra
308 1263 544 1331 obtunduntur.
564 1263 635 1332 Non
655 1261 755 1350 igitur
773 1261 1023 1330 existimandum
1044 1272 1092 1330 est
1110 1274 1237 1330 nostros

169 1378 346 1468 discipulos
363 1379 524 1463 doctrina,
542 1401 607 1468 qua
626 1380 708 1447 bene
730 1378 846 1447 morati
864 1377 956 1462 fiant,
974 1382 1097 1447 carere.
1120 1377 1237 1446 Contra

170 1495 236 1579 illa,
253 1495 414 1564 bonarum
431 1495 550 1564 artium
566 1517 697 1586 parens,
714 1495 825 1563 necin
839 1494 975 1584 argutiis
991 1506 1160 1584 occupata,
1178 1515 1238 1564 nec

93 1619 100 1627 '
169 1611 367 1679 ostentandae
383 1611 510 1679 virtutis
526 1611 691 1701 pietatisve
708 1610 805 1679 nimis
827 1611 968 1694 curiosa,
986 1611 1108 1678 nullam
1129 1621 1236 1678 autern

172 1727 360 1815 religionem
382 1727 659 1817 philosophiamve
682 1747 851 1818 respuens
873 1742 941 1796 ¹uno
961 1727 1071 1812 verbo,
1093 1726 1133 1794 ad
1153 1726 1239 1794 viros

171 1844 359 1913 formandos
381 1843 531 1934 civesque
549 1844 662 1935 patriae
682 1855 827 1912 amantes
848 1843 1026 1934 aptissima,
1048 1843 1121 1933 plus
1142 1843 1237 1912 etiam

170 1982 269 2049 quarn
290 1961 421 2051 optabat
441 1961 595 2031 Romanu
614 1983 701 2029 nunc
721 1960 851 2030 tandem
870 1958 981 2029 efficit.
1230 1963 1232 1968 ’

217 2088 308 2155 Tunc
321 2087 407 2156 enim
424 2106 554 2158 necesse
567 2088 629 2155 suit
639 2099 676 2156 ut
688 2088 847 2177 extemplo
860 2085 1005 2174 magistri
1019 2085 1240 2177 reperirentur

172 2227 190 2273 e
210 2203 334 2272 clericis
355 2204 535 2296 praesertim
555 2204 676 2274 selecti.
699 2228 712 2270 1
733 2206 820 2275 Inter
837 2225 920 2293 quos
937 2204 1097 2288 nonnulli,
1116 2215 1153 2274 ut
1171 2203 1240 2295 ipse

172 2322 292 2390 fatetur
316 2320 483 2406 Rouunnn,
511 2321 691 2390 mediocres
717 2321 750 2396 in
777 2321 924 2390 docendo
947 2322 1099 2406 suerunt;
1126 2321 1240 2392 sedin

172 2438 321 2528 pluribus
354 2437 495 2526 collegiis
528 2438 728 2528 professores
759 2436 890 2525 ingenio
921 2437 1050 2525 egregio
1083 2435 1242 2525 designati
1286 2507 1288 2512 s

173 2564 252 2624 sunt
266 2555 288 2622 ¹.
312 2582 325 2617 1
355 2554 517 2636 Ceterum,
543 2568 715 2644 postquam
738 2554 908 2631 confestim
930 2553 1077 2643 magistri
1098 2553 1241 2645 primum

174 2671 298 2739 collecti
316 2671 419 2756 fuere,
442 2692 484 2739 ne
503 2671 621 2740 deinde
642 2671 740 2740 ceteri
759 2670 892 2740 lesuitis
913 2671 1058 2761 expulsis
1072 2670 1243 2752 inferiores

175 2798 282 2856 essent
311 2787 453 2856 maxima
481 2788 649 2876 diligentia
675 2787 841 2878 provisum
876 2797 934 2858 est.
968 2787 1119 2856 Ambiani
1146 2787 1246 2876 igitur

175 2915 342 2973 certarunt
353 2905 438 2973 inter
450 2926 484 2973 se
497 2904 590 2974 multi
604 2905 832 2996 competitores
843 2905 883 2974 ad
897 2904 1083 2974 cathedram
1094 2905 1245 2974 secundae

175 3022 397 3112 usurpandam
411 3021 436 3090 ².
456 3021 600 3110 Magistri
618 3022 657 3090 ad
678 3022 799 3110 gradus
817 3021 1040 3090 Universitatis
1057 3021 1246 3092 Parisiensis

174 3245 326 3319 hospitium
338 3244 367 3302 in
378 3245 497 3320 Collegio
510 3243 690 3320 negavissent
701 3248 745 3317 (211
755 3244 823 3302 avril
833 3246 924 3319 1763),
935 3245 988 3302 hoc
997 3243 1110 3302 crimine
1120 3244 1243 3316 defenso,

176 3344 358 3401 addiderunt:
377 3366 391 3396 r
407 3345 461 3400 Des
478 3344 631 3418 logements
646 3343 755 3402 sont-ils
770 3344 940 3401 necessaires
953 3361 1024 3418 pour
1041 3344 1163 3400 1616006
1178 3344 1244 3400 d'un

177 3442 307 3516 College‘l
320 3443 486 3518 Qu’importe
501 3460 571 3516 pour
581 3443 621 3498 les
633 3444 729 3500 1101166
742 3461 795 3517 que
809 3443 848 3518 les
860 3444 972 3517 Re'gens
987 3442 1077 3499 soient
1086 3442 1164 3517 10316
1175 3443 1245 3498 dans

176 3541 201 3598 le
216 3542 324 3617 Collega
342 3560 378 3598 ou
397 3543 462 3598 hors
481 3543 608 3599 d'icelui:
628 3543 753 3600 0’6-1-00
769 3560 819 3616 066
833 3542 973 3616 l'exemple
991 3542 1056 3616 qu'a
1071 3543 1149 3599 Paris
1164 3542 1183 3597 il
1198 3562 1216 3616 y
1230 3561 1246 3598 6

177 3640 291 3696 nombre
301 3640 335 3696 de
347 3639 469 3714 Colleges
480 3642 514 3697 de
528 3639 601 3714 plein
612 3641 733 3697 exercice
742 3644 778 3697 oh
790 3641 902 3698 1006166
917 3641 1029 3716 1113606
1040 3659 1075 3697 06
1085 3642 1246 3697 dementent

178 3739 251 3812 0661
266 3739 329 3795 Cela
343 3739 501 3812 n’empeche
513 3757 563 3814 066
574 3740 675 3812 quales
686 3739 788 3796 classes
802 3758 837 3796 06
848 3739 937 3796 601601
947 3746 1117 3798 6060160601
1131 3746 1244 3809 160066;

177 3837 216 3895 166
235 3839 386 3913 logements
405 3839 475 3895 dans
494 3839 518 3895 le
537 3838 645 3913 Collega
666 3856 700 3895 ne
716 3844 780 3895 sont
796 3839 867 3894 donc
885 3855 935 3912 pas
954 3837 1123 3895 necessaires
1138 3854 1207 3911 pour
1221 3836 1247 3892 la

178 3942 262 3993 16006
275 3935 392 3993 d'icelui.
410 3959 424 3989 u

215 4040 240 4091 1.
259 4035 366 4093 11660611
380 4036 424 4092 des
438 4035 565 4100 OEmnm
581 4052 608 4107 p.
625 4038 669 4092 37.

215 4138 242 4190 2.
263 4133 345 4191 Arch.
365 4136 430 4206 de.
450 4134 485 4191 D.
506 4137 532 4192 3.
551 4133 570 4189 1.
592 4136 636 4203 511,
657 4136 701 4203 60,
722 4137 757 4188 22
777 4133 919 4189 decembre
939 4135 1017 4203 1769,
1035 4136 1051 4188 6
1071 4131 1139 4188 avril
1158 4136 1246 4188 toro:

181 4252 196 4281 a
211 4230 335 4304 Lorsque
349 4229 388 4285 les
402 4229 599 4303 compositions
610 4234 704 4285 seront
714 4227 827 4286 laites...
842 4247 875 4286 en
887 4231 993 4302 chaque
1005 4227 1113 4300 1600111,
1125 4229 1159 4284 de
1167 4245 1249 4302 prose
