3102 5090
793 645 933 700 „ug-

333 797 465 888 quidem
487 797 524 865 fu
547 809 583 866 ut
604 797 759 886 prohibiti
781 797 860 887 quin
883 797 998 884 inertia
1021 807 1207 888 torpescant
1228 798 1402 888 tritamque

333 916 416 983 uiam
447 915 667 984 indesinenter
696 926 887 1006 sequantur,
916 915 1004 984 omni
1033 935 1150 1002 genere
1177 913 1400 985 doctrinarum

334 1047 491 1103 ornentur
511 1045 542 1102 et
557 1033 632 1102 inde
649 1034 800 1126 discipuli
822 1033 883 1124 ipsi
900 1033 1076 1102 maximum
1096 1035 1241 1102 fructum
1262 1033 1398 1126 capiant.

333 1150 393 1219 Sed
415 1150 592 1218 cavendum
616 1171 657 1218 ne
679 1149 750 1218 illos
774 1150 1028 1239 intemperanter
1047 1148 1163 1218 studiis
1182 1149 1402 1240 peculiaribus

334 1267 460 1336 deditos
483 1266 628 1336 muneris
651 1266 832 1357 quotidiani
853 1265 1058 1357 vulgarisque
1081 1266 1217 1334 taedeat.¹
1234 1265 1401 1346 Quomodo

238 1446 239 1450 ,
333 1395 441 1452 autem
468 1383 608 1452 Decreta
636 1405 674 1452 ac
699 1382 791 1452 Sdms
817 1381 985 1472 discipulis
1013 1382 1080 1450 suis
1109 1383 1317 1451 consulerent
1339 1402 1401 1450 non
1514 1459 1515 1472 χ

333 1500 411 1570 satis
433 1511 633 1590 compertum
660 1510 719 1566 est.
747 1497 890 1566 Priorem
917 1519 992 1567 vero
1016 1498 1136 1568 seimus
1164 1519 1219 1567 sex
1244 1520 1346 1566 annos
1368 1498 1400 1564 in

334 1617 475 1706 Collegio
495 1616 710 1707 permansisse
732 1627 763 1685 et
783 1616 962 1686 orationem
983 1617 1156 1706 quamdam
1173 1615 1182 1656 ¹
1199 1617 1233 1682 in
1254 1614 1399 1684 sollemni

333 1734 544 1825 praemiorum
565 1732 793 1801 distributione
814 1733 855 1801 de
878 1732 1084 1802 instituendis
1103 1731 1214 1821 pueris
1234 1731 1397 1814 habuisse,

334 1851 375 1918 ed
402 1850 565 1940 exemplar
592 1849 852 1940 amplificationis
881 1848 1127 1937 elegantissime
1155 1847 1341 1938 expolitam,
1366 1847 1400 1914 in

335 1967 412 2057 qua,
433 1976 470 2034 ut
489 1965 534 2033 ait
553 1964 676 2050 Cicero,
703 1989 716 2030 r
741 1975 843 2034 totum
869 1964 1017 2033 Isocratis
1041 1963 1277 2055 myrothecium
1305 1974 1400 2053 atque

334 2102 445 2151 omnes
465 2080 535 2170 ejus
555 2080 791 2171 discipulorum
811 2082 937 2150 arculas
958 2079 1182 2170 consumpsit²
1200 2107 1230 2146 u.
1251 2078 1399 2147 Ceterum

335 2195 412 2264 huic
428 2216 535 2286 neque
552 2217 626 2264 cum
644 2194 855 2265 Curratoribus
872 2217 977 2285 neque
994 2217 1067 2264 cum
1086 2194 1260 2285 Principali
1278 2194 1401 2284 aliquid
1514 2197 1515 2220 ¹

334 2333 481 2402 unquam
502 2312 727 2381 controversiae
745 2313 873 2382 uidetur
893 2313 1004 2381 fuisse.

379 2428 471 2499 Su’ms
498 2451 586 2513 veru,
615 2430 672 2519 qui
696 2429 846 2498 Ambiani
870 2429 1022 2498 undecim
1047 2449 1148 2498 annos
1174 2427 1297 2513 docuit,
1328 2450 1399 2496 cum

334 2545 449 2615 iisdem
466 2547 553 2614 haud
570 2548 669 2615 semel
691 2546 845 2615 conflixit.
864 2547 957 2615 Anno
972 2546 1060 2616 enim
1077 2543 1294 2614 hbtdtxxlt
1312 2567 1402 2614 cura·
1514 2529 1515 2600 Ϊ

334 2673 420 2731 tores
429 2663 555 2747 duo,ex
564 2663 901 2753 quibuscretquidam
912 2662 1219 2752 Houzrt‚Pr·incipali
1229 2662 1401 2751 adjunctus

338 2803 352 2845 t
368 2780 407 2848 ad
424 2779 628 2870 disciplinam
646 2779 833 2866 interiorem
851 2780 981 2868 Collegii
999 2780 1197 2869 regendam³
1213 2804 1246 2864 u,
1261 2793 1297 2847 ut
1313 2801 1401 2848 euer-

260 2925 263 2936 ·
335 2895 443 2965 citatio
468 2896 649 2982 rhetoricae,
677 2907 851 2989 antequam
874 2896 942 2982 frat,
970 2896 1031 2965 sibi
1058 2897 1249 2965 exhibeatur
1273 2908 1399 2984 rogant,

313 3013 422 3103 ,quod
450 3013 545 3101 uulgo
574 3013 702 3081 dicatur
735 3038 749 3080 u
781 3013 1017 3083 exercitationis
1045 3014 1144 3081 totius
1173 3023 1402 3098 argumentum

334 3131 572 3220 nonnullosque
586 3130 767 3221 praesertim
781 3131 868 3200 locos
882 3131 923 3199 de
935 3129 1166 3221 cupiditatibus
1180 3128 1402 3197 describendis
1514 3161 1515 3194 t

335 3246 523 3336 hujusmodi
536 3247 860 3316 esseutdiscentium
871 3247 972 3336 magis
982 3247 1078 3316 etiam
1090 3267 1187 3336 quam
1198 3245 1401 3314 audientium
1514 3331 1515 3338 ἵ

335 3375 475 3433 mentem
492 3364 703 3454 animumque
722 3385 787 3433 non
807 3365 876 3433 sine
892 3364 1036 3454 periculo
1055 3385 1184 3433 movere
1202 3363 1350 3454 possint⁴
1372 3389 1399 3430 u.
1514 3371 1515 3424 1

334 3479 447 3549 Statim
468 3480 568 3568 igitur
584 3481 749 3550 decretum
768 3492 815 3549 est
834 3492 870 3549 ut
884 3481 954 3550 haec
974 3481 1158 3550 exercitatio
1182 3502 1248 3548 non
1268 3479 1404 3548 confice·
1514 3467 1515 3552 l

336 3608 436 3666 retur.
453 3597 514 3666 Sed
532 3609 655 3689 postea,
675 3620 777 3688 quum
793 3597 885 3667 Srims
899 3619 967 3666 rem
983 3583 1276 3687 explanavisset'in
1293 3596 1404 3666 codice
1514 3593 1515 3634 ³

336 3713 406 3804 ipso
429 3714 619 3784 deliberatio
644 3714 705 3783 ista
728 3714 832 3784 deleta
852 3713 915 3782 luit
924 3713 947 3782 ⁵.
971 3714 1188 3782 Nihilominus
1212 3713 1277 3797 ille,
1300 3733 1342 3781 ne
1364 3713 1404 3781 de
1514 3779 1515 3796 p

373 3906 397 3960 1.
409 3902 441 3960 V.
459 3901 573 3958 OEmvres
588 3901 621 3956 de
636 3899 739 3972 Dclille,
756 3918 798 3974 gr.
816 3901 888 3972 in-8‚
905 3901 994 3970 Paris,
1012 3903 1089 3970 1831,
1106 3918 1133 3973 p.
1150 3903 1212 3958 890.

372 3977 398 4040 2.
415 3982 543 4056 Epistulae
560 3983 594 4038 cd
608 3981 738 4051 Atticum,
756 3983 790 4051 ΙΙ,
808 3987 833 4038 1.

373 4065 398 4119 3.
415 4062 494 4119 Arcb.
512 4064 575 4135 lldp.
593 4063 627 4116 b.
644 4066 670 4118 3.
687 4062 706 4119 1.
723 4067 748 4131 2,
768 4067 802 4117 22
817 4080 889 4118 mers
905 4063 984 4118 1763.

372 4145 398 4200 u.
417 4144 483 4198 reru.
499 4143 534 4200 b.
551 4147 576 4198 a.
594 4142 612 4200 r.
630 4146 672 4212 rs,
686 4145 702 4196 8
717 4147 782 4199 aunt
797 4149 877 4201 rma.

373 4224 398 4276 5.
414 4222 482 4278 lbt'd.
499 4221 517 4277 l.
535 4225 578 4291 77,
595 4225 629 4277 20
644 4221 790 4278 novembre
806 4227 885 4278 1772.
