3102 5090
782 640 922 695 ,46-

321 796 462 886 promoti
483 793 691 885 'potissimum
717 793 862 862 arcessiti
884 804 971 864 sunt.
992 791 1143 882 'Exempli
1165 793 1287 880 gralia,
1302 803 1391 861 'anno

324 911 580 996 llllCssLllelll,
598 933 617 982 a
632 911 842 992 Curatoribus
862 911 1003 999 postulat
1021 909 1169 978 Roussun
1184 931 1229 978 nn
1245 930 1287 978 nn
1303 911 1390 978 Tene

324 1057 340 1092 a
360 1033 399 1098 ut
418 1029 535 1097 dehinc
554 1028 586 1095 in
604 1029 713 1096 locum
729 1027 933 1118 Principalis,
950 1026 1167 1116 professorum
1190 1027 1389 1115 regentium-

319 1145 447 1235 que,·si
471 1145 554 1214 sorte
574 1145 649 1234 quis
667 1154 768 1227 uacet,
791 1144 850 1212 soli
871 1143 1032 1231 eligantur
1051 1142 1108 1232 qui
1132 1143 1166 1210 in
1189 1144 1213 1210 F
1216 1143 1389 1212 acult'atem

321 1262 448 1329 Artium
473 1261 639 1349 aggregati
663 1261 783 1345 siut‚...
809 1260 853 1327 ita
876 1270 914 1327 ut
938 1260 1025 1327 baud
1051 1279 1135 1347 aegre
1160 1259 1387 1329 consuetudini

320 1377 544 1446 Universitatis
568 1377 636 1468 jam
659 1377 779 1446 assueti
801 1376 1052 1466 obsequantur¹
1081 1399 1111 1442 n.
1140 1376 1267 1465 ltaque,
1293 1376 1388 1465 paulo

317 1504 404 1584 post,
429 1494 734 1584 philosophicum
758 1515 796 1561 ex
820 1493 984 1581 magistris
1006 1491 1191 1576 deficiente·
1217 1489 1386 1561 doctorum

320 1610 355 1678 in
371 1610 569 1678 Facultatem
586 1610 712 1686 Artium
733 1620 980 1698 aggregatorum
998 1607 1196 1677 indicem'ad
1216 1606 1387 1676 Curatores

318 1726 429 1812 mittit,
454 1737 491 1810 ut
516 1750 534 1792 u
558 1726 683 1794 facilius
704 1747 809 1794 unum
834 1727 920 1794 inter
943 1747 1055 1794 omnes
1079 1724 1210 1812 eligant,
1235 1723 1388 1792 certiores

319 1842 395 1910 facti
411 1842 481 1910 illos
499 1843 632 1918 eximios
648 1865 730 1928 esse,
748 1866 887 1933 quorum
904 1844 1072 1933 ingenium
1090 1865 1198 1912 severe
1213 1843 1385 1932 probatum

320 1960 712 2052 inspectumquetuerit2
734 1987 764 2029 a.

316 2108 328 2118 ’·
350 2085 474 2181 'Legati
494 2086 616 2183 'igitur'
635 2096 830 2167 Parlamenti
857 2089 996 2185 Collegio
1027 2095 1235 2163 Ambianensi
1265 2093 1386 2184 peritos

317 2204 491 2298 magistros
508 2211 653 2300 praebere
673 2211 1009 2292 nitebantur.·Quanti
1031 2201 1138 2278 autem
1159 2201 1386 2300 unusquisque

319 2318 1383 2410 fueritnonlacileestimaverist'unussaltemneminelluuunun,

317 2437 427 2533 bertas
444 2465 518 2514 suas
532 2467 660 2513 summe
673 2435 859 2534 studio'egit
872 2467 932 2514 uec
944 2467 962 2513 a
974 2445 1064 2516 novis
1077 2445 1174 2513 rebus
1191 2444 1224 2511 in
1240 2443 1385 2512 docenda

318 2553 453 2652 physica
472 2554 655 2630 abhorruit
686 2553 691 2558 ⁵

315 2697 317 2700 ’
359 2671 425 2754 'Sed
439 2673 480 2753 ab
493 2686 585 2755 initio
598 2669 772 2776 contigisse
785 2671 925 2776 Collegie
935 2698 970 2755 nt
982 2687 1209 2756 excellentibus
1222 2687 1385 2775 magistris

311 2787 656 2895 'uterentuerisc'ipuli
673 2817 809 2874 testatur
824 2806 979 2874 Rennnun
992 2807 1016 2874 ³.
1036 2781 1182 2874 Attamen
1200 2805 1232 2872 in
1248 2805 1386 2894 epistula

320 2921 361 2989 ad
386 2921 557 2990 Curatores
582 2922 701 3012 scripta
726 2922 875 3012 queritur
899 2923 985 3011 quod
1011 2923 1090 3006 illud
1118 2943 1177 2990 nec
1201 2920 1386 2990 celebritate

319 3021 414 3106 famae
432 3021 500 3106 nee
526 3019 704 3106 commodis
727 3038 825 3126 justis
852 3039 1009 3106 fruatur:
1041 3061 1058 3104 u
1088 3037 1230 3127 Magistri
1255 3036 1384 3121 delecti,

320 3154 438 3244 inquit,
460 3175 545 3248 anno
566 3154 756 3250 MDCCLXll
777 3155 817 3222 ad
837 3176 892 3254 ves
911 3155 1014 3244 missi,
1037 3177 1160 3247 parum
1178 3155 1285 3247 abluit
1305 3153 1385 3248 quin

319 3263 430 3348 omnes
464 3269 625 3362 proficisci
660 3269 761 3346 coacti
796 3270 875 3356 sint,
910 3293 1050 3364 quorum
1072 3271 1233 3342 nonnulli
1267 3270 1386 3338 abhinc

320 3505 391 3561 etde
402 3521 507 3574 vern...
520 3503 583 3560 elles
598 3510 691 3561 serent
703 3504 785 3562 mises
800 3522 866 3562 sous
878 3504 1025 3578 enveloppe
1035 3506 1162 3562 cachetee
1172 3522 1242 3578 pour
1255 3509 1312 3561 etre
1322 3520 1387 3562 exa·

318 3602 422 3662 minees
437 3608 515 3677 apres
529 3603 568 3662 les
582 3605 725 3678 questions
736 3603 814 3662 laites
827 3585 882 3660 aux
892 3582 1071 3660 concurrente
1085 3610 1146 3660 tant
1159 3621 1207 3660 sur
1220 3603 1244 3658 le
1257 3621 1321 3676 grec
1332 3621 1386 3676 que

315 3719 369 3764 ¹sur
382 3702 421 3758 les
433 3703 574 3760 differente
589 3709 711 3774 autema,
728 3721 796 3776 pour
807 3721 859 3776 que
873 3702 912 3758 les
927 3702 1129 3760 examinateurs
1145 3720 1179 3758 ne
1189 3701 1320 3774 vpuissent
1335 3719 1387 3774 pas

314 3785 349 3857 ‘se
363 3801 488 3876 pre'venir
502 3819 535 3858 en
551 3801 645 3860 saveur
660 3802 693 3856 de
706 3800 753 3875 qui
769 3819 821 3875 que
836 3819 866 3857 ce
881 3801 944 3858 soit.
961 3824 975 3852 »

357 3914 382 3966 t.
398 3910 483 3966 Arcti.
494 3912 558 3982 nep.
575 3911 609 3966 D.
625 3912 651 3964 8.
667 3911 757 3966 Lettre
772 3911 805 3965 de
820 3909 938 3966 Roussel
948 3911 981 3965 de
995 3908 1022 3965 la
1036 3909 1119 3978 Tem,
1132 3913 1171 3964 ter
1181 3907 1291 3964 octobre
1304 3912 1386 3969 1777.

320 4007 438 4079 Append.
455 4007 502 4065 lll.
1161 4027 1163 4032 ·

354 4119 381 4172 a.
397 4116 465 4174 uta
482 4117 515 4174 nt
534 4120 576 4176 re.
592 4117 684 4173 nean
698 4117 736 4172 aa
749 4120 785 4174 u
799 4114 859 4189 jun
878 4072 956 4172 maa
988 4170 991 4177 ,
1026 4172 1030 4178 ,
1073 4169 1078 4178 ,

355 4227 382 4281 3.
397 4227 505 4296 Recueil
518 4226 563 4282 des
578 4225 704 4297 OEnvres,
717 4241 748 4296 n.
763 4226 807 4280 37.
1009 4233 1011 4237 ’
