3096 5088
639 617 780 674 ..15-

177 774 322 857 decebat,
334 773 374 865 ab
383 771 475 839 initio
487 769 748 839 administratum
758 763 1239 861 possessumqueluit.lesuitas

176 902 297 973 auteur,
312 899 348 957 ut
360 910 413 957 eos
429 889 491 956 hoc
504 887 635 955 nomine
651 888 731 955 falso
743 889 955 977 appellemus,
971 889 1177 958 manifestum
1191 904 1240 961 est

176 1006 377 1097 possessione
388 1004 499 1072 illicita
511 1024 586 1072 usos
597 1025 723 1088 essaei
734 1026 798 1094 qua
809 1005 933 1072 nullum
944 1003 999 1094 jus
1013 1006 1091 1074 oriri
1102 1007 1203 1097 possit
1213 1008 1236 1075 ¹.

221 1122 312 1202 Quod
338 1121 378 1189 ad
397 1121 536 1190 lesuitas
560 1120 674 1188 attinet
696 1120 723 1188 si
747 1121 1006 1210 praetermiseris
1026 1144 1079 1190 eas
1104 1123 1240 1192 ciuitatis

177 1238 535 1328 expostulationesnon
555 1236 656 1304 titulis
678 1237 773 1304 certis
796 1237 904 1304 lulciri
925 1237 1058 1306 videbis.
1078 1238 1173 1321 Aliud
1193 1251 1241 1308 est

177 1355 352 1438 affirmare,
375 1354 460 1421 aliud
483 1352 633 1442 probare.
656 1353 846 1421 auctoritati
863 1374 994 1444 quoque
1009 1377 1099 1439 usus,
1118 1354 1240 1424 instru-

178 1483 285 1540 mento
305 1470 394 1539 omni
414 1470 594 1554 deficiente,
619 1469 802 1538 adversaria
818 1491 893 1560 pars
908 1470 1069 1539 innititur.
1091 1471 1241 1551 Quamvis

177 1569 286 1655 autem
299 1598 425 1676 expetat
437 1585 613 1676 capitulum
628 1597 664 1653 ut
681 1612 695 1648 r
708 1585 762 1675 jus
775 1587 911 1654 retineat
925 1599 1078 1677 tanquam
1089 1588 1240 1657 dominus

177 1703 355 1797 spiritualis
376 1703 628 1794 temporalisque
646 1725 684 1771 ac
702 1705 886 1793 capellanus
907 1703 1051 1792 Collegii,
1072 1726 1137 1773 non
1156 1725 1241 1793 aegre

176 1821 296 1890 latetur
314 1820 374 1887 sibi
395 1820 452 1887 uni
473 1841 538 1887 nou
557 1840 627 1888 esse
648 1841 719 1888 eam
739 1831 928 1910 potestatem
951 1831 986 1889 ut
1003 1821 1135 1910 Collegii
1157 1822 1242 1889 hona

177 1937 392 2020 administret,
416 1937 595 2026 disciplinae
617 1938 775 2022 consulat,
799 1937 907 2006 studia
929 1938 1056 2006 ordinet
1076 1950 1107 2006 et
1126 1939 1242 2008 classes

179 2064 345 2142 temperet,
371 2075 472 2143 quum
498 2054 575 2141 Regi
600 2054 759 2144 placuerit
781 2076 966 2122 consessum
988 2054 1181 2124 Cunctorum
1201 2056 1241 2126 ad

177 2171 239 2238 hoe
252 2151 459 2237 efficiendum
482 2169 650 2238 instituere
663 2169 676 2212 ²
692 2195 720 2238 t.

223 2285 340 2353 Contra
351 2307 426 2353 uero
441 2285 656 2354 scholasticus
669 2286 893 2376 nequidquam
906 2285 1084 2374 Collegium
1094 2287 1179 2377 juris
1192 2288 1242 2357 sui

178 2424 246 2473 esse
260 2403 444 2470 contendit:
464 2427 477 2467 r
496 2402 599 2481 Quam
612 2403 745 2491 quidem
760 2404 901 2470 scholam
915 2404 954 2472 ah
968 2404 1060 2472 initio
1073 2405 1106 2472 in
1117 2407 1242 2474 aedibus

178 2519 357 2608 Episcopus
370 2519 495 2601 habuit,
513 2519 553 2586 ob
569 2539 688 2586 munus
705 2519 811 2608 ipsum
822 2518 983 2608 juventuti
996 2523 1242 2612 praesertimque

178 2635 268 2703 novis
283 2633 408 2702 clericis
420 2633 625 2703 instituendis
638 2636 851 2726 praepositus3
867 2659 968 2726 quum
979 2649 1087 2706 autem
1098 2659 1163 2705 non
1174 2638 1242 2728 ipse

178 2771 237 2839 per
263 2773 297 2819 sa
320 2752 389 2819 hac
411 2751 522 2818 munia
544 2751 635 2820 obire
657 2751 875 2821 indesinenter
896 2764 1016 2843 posset,
1038 2755 1114 2822 huic
1136 2749 1243 2823 officio

179 2889 317 2956 praeesse
334 2866 431 2956 jussit
451 2867 656 2951 canonicum,
679 2869 732 2936 cui
749 2870 789 2938 ob
811 2871 872 2939 hoc
886 2871 948 2937 luit
967 2868 1085 2939 nomen
1100 2870 1244 2939 Scholas-

179 2983 242 3052 tieo
255 2983 283 3050 ³.
314 3007 329 3049 n
352 2983 521 3073 Deinceps,
542 2986 673 3074 auspice
693 3007 822 3076 semper
839 3008 877 3054 eo
897 2999 1108 3076 curameque,
1131 2987 1245 3076 Magna

216 3200 241 3254 1.
257 3198 338 3255 drale.
356 3200 429 3256 Cone.
447 3199 504 3257 ssss.
522 3204 566 3257 86.
583 3200 602 3257 l.
620 3205 681 3270 tae,
699 3204 713 3255 5
730 3157 783 3259 mai
800 3205 879 3259 trae.

214 3301 241 3355 2.
257 3296 337 3353 drale.
354 3299 417 3370 de.
435 3299 468 3354 D.
486 3302 512 3355 6.
528 3297 633 3358 Liasse.
650 3299 756 3356 Extrait
771 3301 819 3355 des
834 3300 965 3373 registres
979 3319 1034 3357 aux
1048 3300 1243 3358 deliberatione

179 3387 213 3442 de
230 3387 333 3460 l'e‘glise
352 3387 506 3443 cathedrale
526 3388 676 3459 d'rlmiens‚
697 3390 899 3462 proces-verbal
917 3393 950 3446 de
969 3390 995 3447 la
1013 3391 1153 3447 redaction
1176 3392 1242 3447 d'un

180 3476 307 3531 memoire
323 3476 453 3549 expositil
465 3478 514 3532 des
525 3478 611 3534 droits
622 3480 658 3534 du
670 3479 792 3552 chapitre
803 3496 851 3535 sur
860 3479 884 3535 le
897 3479 1004 3553 Collega
1017 3481 1061 3553 (14
1069 3480 1129 3553 juin
1145 3481 1224 3552 1763)
1236 3499 1242 3536 z

182 3587 194 3618 n
215 3565 237 3620 ll
254 3567 396 3621 reconnait
416 3583 481 3622 sans
500 3567 579 3639 peine
598 3586 651 3640 que
670 3585 714 3623 ces
734 3565 820 3624 droits
841 3568 906 3641 qu'il
924 3570 1038 3625 reclamo
1063 3569 1246 3644 n'emportent

180 3673 229 3728 pas
248 3654 477 3712 necessairement
492 3655 516 3711 le
530 3657 645 3728 pouvoir
661 3657 778 3712 exclusil
794 3658 998 3715 d'admiuistrer
1016 3660 1040 3715 le
1059 3659 1189 3732 temporel
1207 3660 1245 3714 du

181 3743 297 3818 Collega,
320 3746 354 3800 de
376 3744 466 3801 veiller
487 3749 504 3802 a
523 3746 550 3802 la
568 3747 758 3803 manutentiou
774 3748 808 3803 de
830 3748 856 3803 la
874 3749 1026 3822 discipline,
1047 3751 1081 3804 de
1100 3749 1188 3822 regler
1206 3748 1245 3804 les

181 3835 286 3903 e'tudes,
302 3841 329 3890 et
348 3835 381 3889 de
396 3834 462 3890 laire
482 3839 580 3908 rdgner
594 3835 620 3891 la
638 3835 723 3908 police
737 3837 807 3892 dans
824 3835 863 3893 les
883 3838 984 3894 classes
1001 3857 1008 3907 ;
1025 3837 1042 3892 il
1058 3838 1111 3895 sail
1127 3838 1190 3910 qu'a
1205 3843 1247 3893 cet

181 3925 264 3996 egard
279 3923 298 3977 il
311 3941 328 3978 a
339 3923 385 3996 plu
400 3928 417 3979 a
431 3925 468 3981 Sa
480 3925 595 3998 majesta
608 3924 733 3981 d'e'tablir
744 3944 781 3982 un
797 3927 906 3983 Bureau
919 3927 1179 4003 d'adminislral‘ion.
1195 3949 1208 3978 »

216 4025 241 4076 3.
259 4022 340 4078 Arclt.
362 4024 426 4095 Dap.
444 4023 512 4080 leid.
529 4023 658 4079 Memoire
677 4027 803 4096 presente
821 4043 870 4098 par
889 4027 927 4084 M.
950 4026 1063 4112 Pingre,
1086 4025 1200 4082 ecolatre
1221 4032 1249 4083 et

180 4110 315 4166 chanoine
334 4112 368 4166 de
386 4110 412 4168 la
430 4112 583 4169 cathedrale
602 4113 742 4170 d'Amiens
761 4132 810 4170 sur
828 4115 851 4171 le
868 4116 975 4189 Collega
994 4117 1028 4172 de
1045 4116 1072 4171 la
1085 4121 1172 4172 meme
1187 4116 1248 4172 ville

184 4202 229 4275 (ta
242 4199 397 4272 juin1763)
416 4219 423 4256 ε
440 4223 453 4253 o
471 4202 508 4257 Ce
524 4203 641 4275 Collega,
658 4203 739 4274 dit-il,
755 4222 771 4260 a
786 4205 812 4260 la
826 4211 913 4262 meme
923 4205 1029 4279 origine
1042 4223 1094 4278 que
1104 4205 1130 4262 la
1141 4207 1249 4280 plupart
