3096 5088
653 600 792 658 ..37-

239 755 316 834 Quae
336 754 468 844 quidem
489 755 597 823 omnia
616 754 861 845 prudentissimi
881 754 941 823 viri
960 764 1062 822 erant.
1085 754 1259 845 Oportebat

195 871 281 939 enim
306 871 348 938 ali
371 870 568 961 educarique
591 885 721 962 possent
746 872 778 940 in
804 872 942 961 Collegio
961 871 1102 940 bursarii
1122 871 1257 939 rustica-

195 989 294 1077 nique
307 988 517 1078 pauperiores
534 1011 632 1079 quam
650 1001 685 1058 ut
700 989 841 1080 hospitio
857 990 1082 1080 exciperentur
1095 1011 1113 1056 a
1126 988 1258 1079 privatis

196 1105 382 1173 hominibus
395 1105 501 1193 dignis
515 1106 570 1196 qui
584 1127 638 1175 eos
650 1106 817 1195 vigilantes
829 1106 1038 1176 custodirent.
1054 1106 1135 1175 Nam
1147 1105 1255 1190 hodie,

195 1233 232 1290 ut
246 1221 335 1305 olim,
352 1222 438 1311 apud
455 1243 514 1291 nos
528 1223 666 1292 libenter
680 1223 742 1292 hoc
758 1245 840 1292 onus
857 1223 1068 1314 suscipientes
1083 1223 1179 1307 cirac,
1196 1222 1258 1290 nisi

196 1349 233 1407 ut
251 1358 367 1425 magna
387 1339 478 1406 lucra
496 1338 627 1423 faciant,
650 1360 734 1427 aegre
754 1340 908 1408 invenies.

239 1454 300 1524 Sed
312 1465 428 1523 cuncta
439 1456 675 1546 haecprmcepta
687 1457 1258 1546 legatiuihilprofeceruntlloluntas

197 1573 282 1642 enim
303 1572 497 1644 Cunctorum
514 1574 638 1644 inertiae
660 1576 850 1666 Principalis
869 1575 1014 1660 ellendit,
1033 1575 1088 1664 qui
1108 1575 1169 1643 sibi
1189 1596 1259 1644 mo·

196 1693 292 1760 lestos
311 1692 450 1760 habebnt
469 1693 668 1763 convictores
687 1695 948 1784 voluptatemque
972 1694 1113 1783 aliquam
1137 1693 1259 1783 cepisse

196 1807 323 1877 videtur
344 1808 431 1897 quod
460 1809 657 1898 professores
683 1809 880 1900 impediebat
908 1830 948 1877 ne
975 1819 1082 1898 partes
1110 1829 1129 1875 a
1153 1808 1259 1897 seipso

196 1926 363 2016 despectas
384 1939 527 2014 agerent.
550 1927 655 2007 Quum
676 1926 744 2015 jam
769 1937 840 1995 octo
866 1926 943 1993 anni
968 1925 1068 2015 elapsi
1093 1934 1199 1992 essent
1222 1945 1259 1992 ex

194 2064 261 2132 quo
279 2042 426 2112 Roussnn
441 2063 482 2111 on
502 2062 542 2112 ua
561 2043 652 2112 Teon
668 2044 789 2110 trustra
808 2053 942 2110 conatus
961 2052 1030 2109 erat
1045 2052 1082 2109 ut
1097 2040 1258 2109 convicto-

197 2159 281 2226 rium
302 2159 551 2243 instauraretur,
569 2159 777 2246 magistratus
793 2157 1006 2247 municipales
1026 2156 1156 2245 indigne
1174 2156 1259 2246 passi

195 2275 257 2344 huc
273 2297 338 2344 non
358 2276 487 2360 llorere,
510 2287 545 2343 ut
565 2273 776 2344 Curatoribus
794 2273 913 2343 auxilio
934 2284 1052 2358 essent,
1075 2274 1186 2342 eodem
1207 2273 1259 2341 die

196 2391 282 2480 apud
303 2391 457 2459 Romano
474 2401 506 2459 et
526 2389 570 2457 Ln
589 2391 742 2458 Renouns
762 2388 867 2477 questi
887 2388 988 2456 sunt¹
1009 2411 1016 2456 :

243 2532 256 2572 a
291 2507 494 2597 Principalis,
527 2519 563 2575 ut
594 2507 697 2591 aiunt,
729 2527 814 2574 unus
846 2505 1041 2574 convictorio
1069 2505 1260 2574 instruendo

195 2623 333 2707 obsistit,
352 2623 472 2713 quippe
492 2623 561 2712 qui,
580 2644 639 2690 nec
656 2621 838 2690 communis
856 2621 1005 2689 utilitatis
1020 2621 1185 2690 studiosus
1200 2644 1260 2691 nec

195 2739 303 2809 officio
322 2761 381 2807 suo
400 2740 541 2823 functus,
561 2738 642 2807 nihil
659 2738 745 2806 aliud
768 2737 878 2828 cupiat
893 2759 991 2827 quam
1013 2738 1046 2804 in
1066 2749 1258 2828 perpetuum

196 2877 314 2944 magno
341 2856 480 2925 aedificio
506 2877 688 2947 magnoque
715 2857 808 2925 horto
837 2856 913 2940 lrui,
941 2856 1099 2945 quaesibi
1127 2858 1259 2925 concedi

196 2974 500 3064 accommodarique
516 2996 575 3066 per
590 2995 720 3043 causam
741 2973 930 3042 convictorii
950 2973 1138 3043 instituendi
1156 2975 1260 3066 impe-

195 3089 337 3158 traverit.
360 3117 374 3150 n

241 3207 369 3276 litteris
397 3219 504 3276 autem
531 3209 570 3276 ad
603 3210 645 3277 ltu
673 3210 825 3278 Rnnouns
853 3207 960 3277 missis
990 3207 1122 3293 dicitur,
1148 3210 1259 3278 decom

197 3325 339 3393 millibus
357 3325 513 3392 librarum
536 3326 575 3393 ad
598 3349 614 3392 u
637 3327 809 3396 Recessum
832 3353 845 3388 a
870 3325 1065 3394 convictorio
1083 3326 1259 3416 aptandum

197 3442 408 3532 consumptis,
438 3463 503 3511 non
535 3443 608 3512 ideo
639 3444 754 3512 melius
784 3443 923 3531 Collegio
950 3443 1154 3528 successisse,
1184 3444 1260 3533 quia

198 3581 214 3618 a
242 3555 324 3623 nihil
348 3557 387 3624 de
412 3557 508 3625 rebus
530 3557 714 3626 domesticis
738 3557 924 3645 singillatim
948 3557 1075 3625 tuendis
1094 3557 1259 3647 provisum

196 3683 280 3740 esset
302 3696 331 3754 a,
353 3693 412 3740 nec
434 3695 447 3736 c
474 3693 617 3762 unquam
638 3672 809 3762 disciplina
831 3651 885 3740 illa
911 3672 951 3740 ad
978 3673 1135 3761 regendos
1159 3673 1259 3741 insor-

196 3790 396 3880 mandosque
410 3789 544 3879 juvenes
557 3813 656 3880 quam
671 3789 809 3860 maxime
825 3792 1007 3861 necessaria
1020 3814 1115 3862 usum
1129 3804 1211 3861 esset
1228 3815 1256 3859 a.

240 3907 411 3977 Allumare
434 3908 566 3998 quidem
589 3928 655 3977 non
678 3909 781 3978 ausim
803 3931 844 3977 an
864 3908 1054 4000 Principalis
1075 3909 1118 3976 ita
1141 3909 1258 3998 quietis

233 4109 258 4162 l.
275 4106 354 4162 Arclt.
373 4108 447 4164 Com.
462 4106 519 4163 ΑΑ.
535 4109 579 4176 30,
596 4107 614 4164 l.
632 4111 767 4165 tot-195.
783 4108 889 4164 Lettres
904 4108 941 4163 du
958 4109 991 4162 ll
1006 4107 1115 4164 octobre
1132 4111 1210 4164 1785.
1226 4141 1258 4149 —

195 4196 313 4268 Appecd.
330 4196 392 4268 Xll
