3094 5100
657 610 797 670 -83-

193 775 330 856 poterat.
362 763 447 844 Quas
470 765 601 854 quidem
629 765 825 834 excolendas
845 765 931 833 haud
960 767 1059 834 semel
1087 765 1259 835 Curatores

194 882 341 960 timidius
356 883 538 950 voluerunt.
562 883 766 970 Magistratus
783 903 858 950 vero
878 881 1046 977 municipii
1068 894 1258 952 mercaturae

193 999 382 1088 artibusque
412 999 556 1088 operosis
587 998 717 1084 deditae,
745 1011 781 1066 ut
811 1021 829 1066 e
856 999 998 1067 scientiis
1028 998 1106 1088 ipsis
1136 999 1259 1089 aliquid

194 1114 354 1183 commodi
368 1113 586 1183 hauriendum
600 1137 668 1184 esse
681 1116 851 1205 putabant,
862 1115 906 1182 ita
919 1126 1102 1184 exterarum
1114 1117 1258 1204 gentium

193 1252 359 1300 sermones
375 1233 548 1300 nonnullos
564 1231 699 1322 praecipi
714 1231 748 1298 in
765 1230 904 1319 Collegiu
918 1232 1040 1300 frustra
1056 1232 1256 1322 cupiverant.

193 1347 259 1416 llos
292 1359 401 1416 aulem
433 1370 535 1438 quum
565 1347 659 1416 multi
686 1347 832 1435 magistri
864 1348 1014 1436 priuatim
1045 1370 1083 1418 eo
1115 1360 1260 1439 ternpore

193 1464 343 1532 Ambiani
363 1465 528 1550 docerent,
550 1465 626 1533 satis
644 1475 767 1533 constat
788 1464 872 1538 cives
891 1465 1049 1555 plurimos
1068 1465 1260 1536 intellexisse

194 1603 290 1670 quam
310 1581 482 1650 necessarii
496 1593 602 1650 essent
618 1581 657 1648 ad
675 1602 793 1670 pueros
811 1602 876 1650 nun
894 1582 1045 1667 litterate,
1065 1583 1121 1652 sed
1137 1583 1260 1652 utiliter

192 1698 389 1766 erudiendos
404 1696 427 1764 ¹.
451 1699 531 1766 Nam
551 1718 636 1766 anno
656 1696 913 1766 ttnccttxxxtt
937 1699 1164 1787 negotiatores
1185 1722 1259 1768 cum

193 1814 376 1899 Germania,
406 1813 571 1882 Britannia
596 1814 802 1905 Batavisque,
831 1837 871 1884 ne
903 1815 942 1884 de
970 1816 1040 1885 aliis
1070 1817 1259 1905 regionibus
1326 1903 1328 1908 ,

193 1931 311 2016 dicam,
327 1931 558 1999 commercium
574 1931 741 2016 habentes,
757 1931 882 2000 curiam
895 1933 1062 2022 propriam
1079 1933 1140 2002 sibi
1156 1933 1260 2002 creari

193 2047 466 2139 postulaverantl.
484 2049 582 2138 Atqui
605 2049 718 2118 eodem
736 2071 821 2117 anno
842 2049 1044 2138 (nucctxt)
1064 2029 1152 2119 6166
1169 2051 1259 2119 curia

194 2167 340 2235 instituta
363 2177 412 2235 est
435 2177 467 2234 et
489 2167 697 2254 magistratus
707 2167 932 2256 ‚municipales
953 2179 1018 2236 tres
1043 2169 1113 2237 illas
1132 2167 1259 2256 linguas

193 2283 352 2352 docendas
370 2305 439 2352 essa
457 2283 684 2354 censueranti.
704 2283 765 2354 Sed
787 2284 893 2374 reipsa
909 2284 950 2352 de
965 2307 1144 2375 puerorum
1166 2285 1259 2354 insti·

230 2540 256 2594 1.
273 2535 306 2593 V.
318 2536 434 2609 Afficbes
449 2537 481 2592 dc
495 2537 632 2600 Picordie,
646 2540 678 2591 17
688 2533 750 2608 juin
761 2539 828 2592 1775
839 2552 845 2589 :
862 2558 875 2586 6
886 2535 924 2592 Le
937 2533 1259 2604 sieurRenoult,n1a11re

194 2627 299 2682 'es-Arls
314 2644 348 2682 en
362 2626 537 2682 l'Universite
551 2627 584 2680 de
599 2625 687 2696 Paris,
704 2625 802 2681 s'eilant
817 2625 878 2698 deja
893 2629 1017 2681 annonae
1029 2642 1098 2698 pour
1114 2624 1260 2698 enseigner

192 2715 231 2770 les
244 2715 371 2789 langues
388 2721 452 2785 etc,
468 2719 484 2771 6
499 2715 621 2784 Amicus,
639 2713 768 2770 continue
787 2715 892 2770 d'ollrir
910 2733 954 2770 ses
975 2711 1093 2770 services
1113 2732 1168 2770 aux
1186 2732 1260 2769 mes-

79 2799 84 2807 '
170 2817 171 2822 ’
194 2804 282 2860 616666
301 2812 328 2860 61
346 2804 524 2875 (161661661166,
546 2810 606 2861 1661
630 2805 694 2860 ohez
716 2802 755 2859 lui
777 2804 858 2877 qu'en
882 2803 951 2874 ville,
974 2821 1044 2877 pour
1067 2803 1107 2859 les
1129 2805 1260 2878 Langucs

192 2894 348 2965 Frauqaise,
361 2895 501 2969 Anglaise,
517 2895 649 2951 ltalienne
663 2900 690 2950 et
705 2893 870 2968 Espagnole,
884 2912 933 2968 par
947 2893 1121 2968 principes.»
1136 2895 1260 2955 611161.

194 2989 226 3042 18
240 3003 314 3042 mars
331 2989 409 3044 1786.

228 3097 254 3150 2.
279 3093 359 3150 Arcb.
381 3096 446 3166 lla'p.
472 3093 585 3152 (1.112.
612 3092 741 3150 Memoire
763 3110 831 3166 pour
856 3094 895 3150 les
918 3093 1081 3167 negociants
1102 3094 1135 3149 de
1155 3092 1180 3154 la
1200 3093 1260 3149 ville

193 3181 343 3238 d'Amiens.
362 3205 375 3233 «
392 3183 475 3238 Notre
490 3200 639 3238 commarca
653 3201 718 3239 avec
729 3182 756 3239 la
767 3185 911 3248 Habenda,
926 3182 1112 3256 1166161666,
1124 3183 1259 3252 l'lrlande,

193 3270 275 3343 Riga,
295 3271 461 3342 Humbucrp,
480 3271 504 3326 16
521 3271 664 3345 portugal,
684 3270 830 3346 l'Espagne
850 3271 1149 3344 etl'ltalie,es1assez
1169 3289 1259 3326 connu

192 3377 261 3434 pour
277 3377 374 3434 nepas
390 3359 500 3416 souilrir
514 3361 548 3415 de
562 3361 771 3418 contradiction.
787 3383 801 3412 »

229 3470 255 3526 3.
276 3468 357 3524 Arret
371 3469 408 3524 du
425 3468 534 3525 Conseil
548 3469 640 3526 d'Etat
654 3470 691 3525 du
706 3469 758 3526 Roi
775 3471 813 3524 du
829 3475 843 3526 6
859 3474 925 3526 aodt
940 3474 1018 3526 1761.
1035 3501 1069 3510 -
1088 3469 1168 3526 Arcb.
1186 3470 1259 3526 Com.

193 3560 226 3612 29
242 3559 353 3614 octobre
369 3561 447 3615 1761.
463 3591 497 3600 -
513 3559 554 3615 Cf.
570 3560 686 3632 Affiebes
699 3561 731 3616 de
745 3561 880 3627 Pieurdic,
899 3564 977 3629 1795,
994 3558 1160 3615 301rimaire
1175 3577 1210 3614 an
1225 3559 1261 3614 lV

195 3649 236 3720 (21
254 3648 396 3704 decembre
415 3648 505 3721 1795).
526 3648 593 3704 Avis
612 3650 649 3704 du
664 3649 733 3722 Jury
748 3648 941 3705 d'instruction
956 3653 1018 3721 pras
1033 3648 1130 3703 l'Ecole
1144 3647 1262 3704 centrale

193 3737 320 3793 betablir
333 3741 350 3792 a
363 3737 492 3794 Amiens:
510 3758 524 3788 u
540 3740 570 3791 1⁰
587 3738 629 3793 Un
644 3739 799 3810 prolesseur
815 3738 848 3792 de
864 3737 980 3810 langues
1000 3736 1134 3806 viventes,
1152 3735 1262 3808 lorsque
1374 3746 1376 3750 ’

193 3826 232 3883 166
247 3826 484 3883 administrations
499 3828 533 3883 de
547 3829 734 3900 de'partement
747 3827 772 3881 le
781 3826 913 3900 jugeront
927 3825 1104 3882 convanable.
1121 3848 1135 3877 »
1154 3825 1263 3899 (De'crel

194 3918 227 3972 de
236 3916 262 3972 la
274 3917 446 3973 Convention
459 3919 496 3972 du
507 3922 522 3974 3
534 3916 681 3986 brumaire,
694 3921 728 3972 25
739 3916 849 3971 octobre
861 3917 951 3988 1795).
966 3937 978 3969 u
991 3917 1029 3971 La
1040 3914 1141 3988 langue
1151 3914 1263 3971 vivente

192 4005 219 4062 16
232 4006 293 4080 6166
305 4007 463 4080 approprie'a
478 4025 533 4063 aux
545 4005 674 4063 relations
690 4005 888 4062 commerciales
904 4004 1044 4062 d'Amiens
1054 4012 1097 4060 661
1106 4003 1261 4076 l'espuqnul.
1316 4033 1321 4044 ·

194 4097 236 4152 On
255 4095 354 4166 desire,
375 4096 417 4152 s'il
435 4102 477 4152 est
495 4095 626 4169 possible,
647 4113 699 4167 que
720 4094 789 4150 celui
808 4095 862 4168 qui
876 4095 934 4152 s'en
950 4095 1084 4167 ehargera
1102 4092 1207 4166 puisse,
1227 4112 1263 4150 au

191 4185 301 4258 besoin,
315 4187 420 4242 donner
431 4185 561 4260 quelques
577 4184 715 4258 principes
731 4184 892 4241 d'allemand
905 4189 932 4242 et
946 4183 1091 4258 d'anglais.
1106 4205 1120 4234 6
