3096 5088
742 571 882 630 ..1ο-

283 746 377 816 posse
388 724 533 815 quinque
543 724 701 793 librarum
718 725 872 811 millibus,
891 747 964 816 quaa
975 733 1092 820 praesto
1102 746 1190 793 nunc
1201 733 1307 794 essent
1321 723 1346 808 ¹,

285 844 452 930 multoque
470 843 611 911 minores
632 864 815 933 essequam
836 853 871 911 ut
890 842 1063 932 Principali
1082 863 1262 932 novemque
1277 863 1347 909 ma-

285 959 407 1048 gistris
431 959 487 1048 qui
509 947 662 1028 docerent
685 982 704 1028 a
727 972 814 1028 sexta
833 949 874 1028 ad
899 959 1105 1046 theologiam,
1129 958 1350 1049 penderentur

284 1074 462 1158 mercedes
492 1075 602 1142 civitas
621 1077 766 1164 professa
789 1088 892 1144 estse
915 1077 1059 1166 sumptui
1081 1075 1262 1166 supplendo
1285 1076 1347 1142 im-

284 1214 396 1284 parem
432 1213 513 1260 esse.
551 1192 735 1280 Propterea,
771 1214 872 1280 quum
909 1192 1072 1262 dubitaret
1108 1214 1149 1260 au
1182 1191 1348 1261 beneficiis

191 1377 197 1391 ,
287 1308 488 1398 regularibus
518 1308 657 1396 Collegio
681 1308 818 1376 addictis
842 1309 882 1376 ad
906 1309 1117 1378 erudiendam
1145 1307 1348 1398 juventutem

286 1425 333 1494 uti
359 1436 479 1516 posset,
508 1425 631 1513 rogarit
657 1435 713 1493 aut
740 1425 905 1494 sollicitari
933 1426 1119 1516 quinquae
1142 1426 1348 1496 societatibus

286 1544 520 1639 monachorum
544 1563 617 1632 quae
636 1542 781 1611 solebant
806 1542 921 1611 docere
944 1543 978 1610 iu
1001 1542 1115 1612 ceteris
1135 1543 1283 1626 urbibus,
1304 1543 1349 1610 ita

286 1671 322 1742 ut
341 1679 479 1750 quaeque
498 1659 547 1728 vel
568 1679 669 1726 unum
689 1659 738 1728 vel
759 1659 823 1727 due
843 1658 1042 1727 ministraret
1064 1658 1274 1748 professores
1293 1669 1350 1726 aut

286 1776 321 1844 iu
344 1775 521 1863 Collegium
541 1775 654 1864 reponi
676 1775 889 1865 Principalem
906 1776 1143 1865 magistrosque
1164 1776 1347 1859 saeculares,

287 1891 344 1982 qui
363 1902 488 1960 tantum
511 1891 544 1958 in
567 1891 713 1981 quinque
731 1892 887 1960 classibus
902 1892 1025 1960 litteras
1042 1891 1250 1960 humaniores
1265 1913 1349 1980 prae-
1399 1939 1403 1952 .

289 2010 446 2098 ciperent,
465 2008 542 2075 dum
560 2007 765 2098 philosophia
781 2009 823 2076 ab
836 2009 1093 2097 Augustinianis,
1114 2008 1348 2093 FranciscaniS,

288 2124 441 2210 Minimis,
467 2125 693 2215 theologiaque
716 2148 735 2193 a
759 2125 980 2194 Dominicanis
1004 2125 1224 2215 Lazaritisque
1246 2125 1352 2194 trade

290 2254 414 2326 rentur,
447 2251 504 2310 aut
534 2241 675 2331 denique
709 2263 821 2311 omnes
853 2241 1030 2331 discipulos
1062 2242 1211 2310 mandari
1242 2241 1351 2312 Sancti

287 2357 450 2427 benedicti
468 2357 592 2426 ordinis
608 2359 775 2426 monachis
786 2358 811 2426 ².

333 2475 482 2544 Ceterum
506 2496 565 2565 pro
589 2496 647 2543 sua
669 2486 761 2564 parte
787 2474 926 2543 Balliriae
949 2474 1226 2544 administratores
1251 2473 1352 2545 Colle-

289 2595 392 2684 gium,
415 2594 577 2682 magistris
598 2594 808 2664 saecularibus
829 2616 847 2662 6
867 2594 1042 2664 certamine
1062 2594 1186 2663 selectis
1204 2593 1351 2663 commis-

290 2735 375 2797 sum,
394 2734 412 2780 a
428 2733 462 2780 se
483 2711 688 2802 scabinisque
705 2724 736 2781 et
755 2713 895 2802 capitulo
911 2724 1059 2781 curatum
1079 2711 1119 2778 iri
1141 2711 1348 2780 censebant-².

291 2828 407 2897 Civitas
428 2839 548 2913 autem,
567 2829 676 2897 nescia
698 2850 797 2918 quam
817 2827 926 2915 magni
951 2839 1057 2895 esseut
1076 2825 1207 2914 Collegii
1227 2827 1352 2895 fructus

289 2968 350 3016 nec
365 2968 431 3036 quo
446 2959 591 3036 tempore
607 2946 645 3014 iis
662 2947 827 3014 frueretur
847 2955 879 3011 et
898 2942 1036 3012 aedificia
1056 2965 1074 3010 a
1093 2942 1225 3012 lesuitis
1244 2943 1352 3011 adhuc

291 3074 415 3133 servata
434 3084 593 3152 occarparc
613 3073 732 3153 posset,
756 3083 816 3129 nec
835 3058 913 3149 quid
938 3058 978 3127 de
1002 3059 1086 3126 victu
1110 3059 1240 3127 illorum
1262 3058 1354 3127 steret

325 3283 350 3336 1.
367 3277 447 3334 Arch.
462 3278 535 3334 Com.
548 3277 605 3332 BB.
616 3280 659 3333 86.
673 3276 692 3334 f.
704 3280 765 3346 105,
777 3277 811 3330 29
826 3273 936 3330 octobre
951 3277 1029 3329 1761.
1043 3272 1085 3329 Cl.
1101 3272 1119 3329 l.
1133 3277 1194 3342 115,
1207 3271 1353 3345 epistulam

291 3377 325 3434 ad
333 3383 535 3455 procuratorem
545 3375 631 3449 Regis
647 3392 702 3448 qua
715 3373 847 3430 librarum
861 3372 1079 3445 quattuordecim
1089 3371 1171 3427 mihis
1181 3371 1354 3427 declarantur

292 3478 336 3548 (18
351 3492 424 3531 mars
438 3475 516 3547 tnta)
537 3480 563 3529 61
578 3473 658 3530 aliam
672 3471 817 3545 epistulam
832 3472 866 3527 ad
882 3469 1030 3527 Rousselot
1044 3471 1089 3542 (15
1105 3470 1258 3542 septembre
1273 3471 1352 3542 1763)
1398 3505 1404 3543 3

290 3592 345 3648 qua
360 3572 471 3646 Collegii
487 3572 592 3628 fructus
605 3572 736 3626 dicuntur
746 3588 807 3626 esse
820 3574 950 3642 quattuor
961 3575 987 3624 et
1002 3568 1101 3642 viginti
1115 3568 1198 3624 millia
1211 3567 1351 3624 librarum.
1402 3552 1406 3560 ’

292 3672 325 3730 V.
341 3673 531 3746 Appendicem,
547 3673 569 3726 l.

325 3775 352 3829 2.
368 3772 436 3828 lba’d.
454 3771 512 3828 BB.
533 3774 577 3826 86.
594 3767 613 3825 l.
630 3773 690 3838 105,
706 3772 739 3823 29
756 3768 865 3824 octobre
881 3771 944 3824 1761
961 3783 969 3822 :
988 3767 1068 3821 «Par
1081 3765 1107 3821 lb
1121 3781 1156 3821 on
1171 3764 1355 3821 conserverait

291 3870 352 3943 plus
372 3869 524 3925 lacilemeut
541 3866 580 3922 les
600 3865 667 3923 trois
688 3866 809 3939 prieurds
829 3874 856 3922 et
873 3864 912 3920 les
932 3864 975 3920 six
997 3864 1132 3921 be'ne'fices
1155 3863 1287 3936 raguliers
1307 3864 1353 3936 qui

289 3967 471 4041 provienneut
485 3973 548 4022 tous
563 3967 596 4020 de
611 3965 637 4020 la
650 3963 848 4038 congregation
862 3964 896 4019 de
911 3963 1092 4020 Saint-Maur.
1109 3985 1124 4015 n

327 4069 353 4123 3.
370 4067 403 4122 V.
416 4065 528 4138 Compte
539 4063 626 4119 rendu
637 4081 692 4119 aux
707 4061 858 4120 Chambres
871 4061 1035 4118 assemble‘es
1046 4079 1095 4134 par
1105 4062 1143 4118 M.
1157 4062 1191 4117 de
1200 4060 1353 4134 L'Averdy‚

292 4167 324 4222 15
339 4181 412 4220 mars
429 4167 507 4220 1763.
