3096 5088
623 595 764 654 ...29-

162 750 350 836 inhabilem,
373 773 474 841 quum
489 751 603 820 ordine
620 751 827 837 Cunctorum,
849 752 1068 841 professorum
1086 749 1226 840 discipu-

161 869 333 957 lorumque
358 868 483 938 animos
509 891 528 936 a
550 890 583 937 se
604 867 850 938 alienaverit¹t.
872 867 932 947 Qui
954 867 1086 956 quidem
1114 877 1228 936 auctor

161 995 220 1068 est,
244 995 281 1051 ut
303 984 394 1051 aiunt
418 1006 482 1053 non
506 984 681 1069 immerito,
709 984 887 1052 litterarum
907 983 1054 1073 priorum
1081 1005 1099 1050 a
1123 984 1228 1070 legato

162 1100 356 1192 Parlamenti
377 1101 595 1191 scriptarum

206 1225 278 1311 Hic,
316 1226 431 1317 proelio
467 1226 635 1296 discedens
672 1226 786 1312 victus,
819 1225 1031 1296 Curatoribus
1065 1223 1228 1296 nuntiavit

161 1342 334 1434 praesidem
350 1343 394 1410 Lu
405 1342 557 1414 Ruuouns
571 1341 703 1431 Collegii
716 1355 855 1418 tutorem
868 1343 949 1426 sore,
964 1341 1033 1427 sed,
1051 1341 1227 1410 «omnibus

162 1459 356 1528 parlamenti
373 1459 485 1547 legatis
504 1460 544 1528 ad
562 1460 725 1548 agendum
746 1460 1020 1547 scribendumque
1036 1457 1225 1548 conspiran-
1329 1520 1332 1526 .

163 1575 259 1658 tibus,
279 1575 359 1642 nihil
379 1586 513 1665 propter
531 1575 564 1644 id
583 1575 624 1645 de
643 1575 838 1646 commercio
857 1587 985 1644 assueto
1001 1596 1075 1642 cum
1092 1573 1227 1643 Curato-

163 1691 252 1759 ribus
270 1691 494 1780 derogandum
516 1691 604 1760 esse²
622 1717 650 1760 t.
669 1693 793 1782 ltaque,
808 1691 955 1781 quamvis
971 1713 1073 1760 novus
1088 1691 1224 1778 legatus

161 1807 297 1875 comiter
308 1809 348 1875 ab
361 1807 400 1876 iis
416 1820 579 1898 acceptus,
595 1809 804 1876 urbaniorem
820 1831 854 1878 se
870 1807 1081 1898 pr²aebuerit³‚
1096 1807 1226 1876 mutatis

161 1924 320 2013 personia
335 1945 400 1992 non
416 1925 549 1994 meliore
561 1926 631 1994 loco
649 1947 701 1994 res
715 1937 818 1994 erant.
837 1925 919 1994 Dum
936 1924 1023 1994 enim
1039 1934 1153 1994 mutuo
1165 1923 1226 1992 sibi

159 2040 1108 2142 bellumindicebantPrincipalis[latratoresquenegotium
1118 2040 1226 2128 magni

160 2157 317 2247 pretii,de
328 2180 393 2247 quo
397 2157 592 2246 jamdudum
604 2159 772 2246 agebatur,
784 2159 928 2227 nondum
939 2168 1225 2228 transactumerat.

205 2282 322 2352 Civitas
337 2283 574 2373 Curatoresque
590 2284 713 2374 pariter
728 2285 884 2375 optabant
898 2293 934 2352 ut
946 2283 1179 2353 convictorium
1194 2282 1229 2349 in

162 2399 302 2490 Collegiu
322 2402 550 2472 instrueretur.
568 2401 667 2482 vQuod
692 2423 766 2470 vero
788 2401 875 2469 haud
903 2402 1001 2469 semel
1020 2401 1153 2485 frustra,
1173 2400 1228 2468 ob·

161 2529 264 2586 stante
284 2518 471 2608 Principali,
493 2529 651 2586 tentatum
666 2529 725 2587 est.
750 2517 808 2585 Vix
827 2516 1012 2586 institutum
1037 2527 1106 2586 erat
1129 2515 1228 2584 Colle-

161 2635 251 2724 gium
279 2635 434 2704 saeculare
461 2656 562 2724 quum
593 2633 765 2703 Curatores
796 2645 1005 2704 asseruerunt
1033 2661 1049 2698 ι(
1078 2633 1160 2701 nihil
1186 2633 1226 2700 ad

160 2752 346 2840 augendum
362 2752 628 2822 scholasticorum
646 2771 821 2821 numerum
836 2752 943 2842 aptius
956 2771 1026 2820 csse
1039 2772 1138 2841 quam
1151 2750 1178 2817 si
1193 2749 1226 2816 in

198 2989 224 3041 1.
236 2985 316 3042 Arcit.
333 2987 398 3060 nep.
410 2986 444 3044 D.
463 2984 506 3043 12.
520 2985 614 3060 Projet
624 2987 657 3042 de
669 2988 785 3060 repense
795 2987 833 3044 du
849 2985 958 3042 Bureau
970 2985 1005 3059 (le
1017 2988 1052 3042 at
1061 2983 1115 3041 mai
1129 2985 1207 3057 1783)
1221 3001 1229 3040 :

162 3107 177 3138 u
250 3084 276 3141 la
291 3085 398 3143 volente
412 3084 555 3142 arbitraire
569 3085 635 3142 d'un
650 3086 802 3161 supinam,
818 3103 870 3160 que
885 3085 912 3141 la
925 3084 1031 3141 seienee
1041 3090 1069 3140 et
1078 3083 1116 3141 les
1127 3101 1230 3140 moeurs

161 3191 211 3241 ont
229 3202 266 3258 pu
289 3184 398 3258 appeler
416 3203 450 3240 eu
470 3190 686 3260 gouvernement
704 3185 742 3240 du
761 3184 872 3259 college,
893 3183 967 3240 mais.
979 3201 1032 3258 que
1051 3183 1075 3238 le
1094 3187 1230 3239 caractere

162 3284 240 3351 haut,
255 3283 334 3340 viset
347 3282 490 3354 bouillart,
506 3302 524 3357 y
540 3283 607 3339 rend
622 3287 678 3341 tr‘es
692 3301 745 3357 peu
759 3301 867 3357 propre,
885 3301 918 3339 en
934 3282 1109 3356 indisposant
1123 3275 1231 3338 successs

162 3381 296 3437 sivement
309 3389 372 3440 tous
387 3382 426 3438 les
441 3383 574 3439 membres
589 3384 626 3439 du
637 3383 757 3454 Euneon,
771 3381 848 3438 aussi
862 3381 926 3439 bien
940 3401 993 3456 que
1007 3381 1046 3438 les
1058 3381 1229 3455 professeurs

162 3487 189 3536 et
203 3480 276 3537 leurs
291 3482 388 3539 eleves,
405 3504 419 3534 u
1174 3460 1178 3468 ¹

197 3593 223 3646 2.
244 3591 313 3646 ibid.
332 3592 366 3648 D.
388 3595 431 3647 12.
453 3590 558 3647 Liasse.
578 3591 674 3670 Lettre
688 3591 722 3646 de
739 3589 866 3670 Roiiand,
887 3593 920 3644 at
940 3587 1098 3648 maistas:
1120 3610 1134 3639 u
1151 3588 1189 3644 M.
1205 3586 1230 3642 le

162 3687 307 3745 Pre'sident
325 3690 363 3744 Le
382 3689 508 3747 Rebours
526 3695 569 3746 est
584 3691 685 3763 charge
703 3690 737 3744 de
753 3694 829 3744 votre
848 3687 958 3761 college,
979 3687 1049 3743 mais
1064 3704 1093 3742 ce
1107 3687 1231 3758 change-

161 3793 237 3842 ment
252 3787 315 3842 n'en
333 3795 477 3861 apportem
490 3806 580 3844 aucun
598 3806 653 3844 aux
669 3786 806 3860 principes
821 3785 1061 3862 d'apresiesquels
1076 3791 1154 3840 notre
1169 3801 1230 3840 ccr-

162 3886 350 3958 respondance
366 3889 433 3943 aete'
444 3885 552 3956 etablie,
563 3903 654 3942 aucun
669 3886 703 3942 de
718 3902 789 3942 nous
802 3884 890 3960 n'agit
904 3891 931 3940 et
948 3884 1043 3940 n'ecrit
1058 3900 1110 3957 que
1125 3881 1231 3958 coniur-

162 3986 311 4040 mementa
328 3983 406 4040 l'avis
421 3985 454 4040 de
469 3991 542 4042 tous.
560 4007 574 4038 »

198 4094 225 4148 3.
242 4091 312 4148 tttu.
333 4092 425 4148 Lettre
443 4093 480 4147 du
500 4093 609 4148 Bureau
630 4095 646 4146 a
663 4091 700 4148 Le
719 4091 846 4148 Rebours
867 4091 939 4164 (vers
958 4089 981 4146 le
1002 4093 1042 4144 1er
1057 4087 1118 4161 juin
1140 4087 1230 4160 1783),

163 4193 280 4264 reponse
296 4190 329 4246 de
344 4189 464 4258 celui-ci,
482 4193 514 4244 13
525 4189 611 4263 juillet
629 4193 706 4246 1783.
