3102 5090
765 623 904 680 ..3ss-

305 775 389 843 vitiis
417 775 519 864 magis
541 773 713 844 indulsisse
733 777 781 844 vel
805 775 915 844 Romae
939 777 986 844 vel
1010 775 1097 865 apud
1121 796 1179 844 nos
1204 775 1370 866 quondaru

305 892 428 961 nobiles
444 892 623 981 divitesque
638 914 736 981 quam
750 892 845 960 hodie
862 891 1017 960 m'ediocri
1030 892 1158 960 fortuna
1174 891 1269 976 cives,
1288 914 1370 981 quo·

305 1030 377 1075 rnm
407 1007 500 1076 liberi
521 1009 589 1076 lere
614 1008 673 1077 soli
696 1009 730 1076 in
756 1008 853 1098 lyceis
878 1007 1086 1096 collegiisque
1104 1008 1222 1076 nostris
1247 1008 1370 1076 litteras

304 1124 445 1193 discunt.
471 1125 510 1192 Ar
530 1135 644 1193 tamen
668 1124 801 1213 privatis
825 1123 1023 1208 bominibus,
1047 1124 1096 1193 vel
1121 1123 1368 1208 honestissimis

304 1239 475 1310 autolium
496 1254 552 1308 out
566 1242 711 1310 voluntas
730 1252 787 1309 aut
804 1241 939 1311 facultas
956 1240 1038 1310 filios
1056 1251 1142 1310 recte
1158 1242 1369 1330 sollerterque

304 1356 494 1436 instituendi
514 1379 599 1449 saepe
615 1368 646 1426 et
660 1357 763 1426 defuit
777 1368 808 1426 et
826 1357 939 1426 deerit.
958 1356 990 1426 Si
1008 1357 1041 1424 in
1057 1355 1196 1444 Collegio
1213 1357 1319 1447 pueri,
1334 1367 1371 1424 ut

305 1476 408 1560 decet,
437 1493 571 1542 ‘summa
606 1474 772 1562 diligentia
808 1473 1095 1563 benevolentiaque
1129 1473 1367 1557 custodientur,

305 1612 419 1660 eorum
444 1590 572 1659 animus
595 1602 626 1659 et
647 1612 739 1660 mens
762 1591 878 1659 melius
898 1590 1161 1662 informabuntur
1177 1613 1213 1659 ac
1233 1590 1259 1659 si
1281 1589 1369 1659 domi

205 1784 209 1793 ι
305 1707 530 1796 relinquentur
549 1707 598 1775 vel
614 1707 749 1794 neglecti
767 1706 813 1775 vel
830 1706 953 1775 deliciis
972 1707 1120 1776 fluentes.

353 1831 501 1901 Ceterum
529 1830 701 1900 Curatores
724 1833 764 1900 ad
788 1833 969 1923 exemplum
993 1854 1030 1900 ex
1054 1830 1194 1919 Collegio
1217 1830 1369 1900 Ludovici

307 1949 412 2037 llagni
429 1949 623 2018 sumendum
645 1949 792 2018 Roussnu
811 1949 970 2032 hortatur,
991 1949 1035 2016 ita
1055 1960 1091 2017 ut
1109 1949 1214 2033 lacile,
1238 1960 1370 2038 excepto

307 2068 393 2158 quod
410 2068 450 2135 ad
468 2067 638 2154 magistros
653 2080 787 2159 spectat,
805 2089 877 2136 cum
896 2067 1013 2136 nostris
1028 2068 1168 2156 collegiis
1184 2067 1371 2136 etiamnunc

306 2184 386 2252 illud
407 2185 578 2253 conseras:

355 2335 368 2375 v
390 2310 562 2395 Certiores,
581 2310 699 2400 inquit,
718 2310 813 2379 facite
832 2331 943 2379 omnes
963 2309 1051 2378 vobis
1071 2309 1219 2400 protinus
1237 2309 1276 2378 de
1293 2331 1370 2378 con·

306 2427 483 2496 victoribus
502 2427 655 2495 curandis
672 2427 906 2496 consulendum
924 2447 1004 2510 esse,
1022 2437 1058 2493 ut
1077 2426 1173 2494 fidem
1192 2426 1281 2494 vobis
1300 2425 1370 2494 sine

276 2537 280 2544 ’
308 2543 408 2611 dubio
427 2553 577 2633 parentes
601 2543 751 2611 babeant.
779 2543 891 2611 Cavete
917 2564 958 2611 ne
983 2542 1213 2611 convictorium
1236 2543 1284 2610 vel
1303 2554 1369 2610 tam

309 2660 398 2750 parvi
413 2670 535 2727 constet
546 2669 583 2726 ut
594 2659 734 2747 Collegio
747 2659 837 2727 oneri
848 2659 901 2744 sit,
914 2660 961 2727 vel
977 2669 1042 2727 tam
1053 2659 1161 2747 magni
1175 2669 1210 2726 ut
1220 2668 1370 2748 parentes

308 2799 326 2844 a
339 2775 462 2865 majore
475 2775 621 2866 impensa
634 2776 839 2844 abhorreant.
855 2775 995 2842 Dimidio
1008 2775 1116 2843 minus
1128 2786 1236 2843 autem
1248 2785 1372 2842 constet

307 2893 419 2983 pueris
430 2893 499 2982 qui,
512 2893 619 2983 parvis
630 2894 746 2984 opibus
757 2893 897 2983 praediti,
911 2893 1134 2960 tantummodo
1144 2892 1229 2961 diem
1243 2891 1372 2979 exigant

306 3010 552 3100 pransitentqne
572 3011 607 3079 in
624 3011 805 3098 Collegio...
829 3009 971 3077 Medicus
992 3008 1228 3098 chirurgusque
1247 3009 1371 3096 eligan-

307 3137 361 3194 tur
381 3126 468 3216 apud
494 3148 605 3195 omnes
626 3124 758 3214 gratiosi
780 3125 849 3214 qui,
870 3126 1017 3195 mercede
1041 3138 1128 3195 certa
1150 3126 1312 3211 conducti,
1333 3138 1373 3194 ut

309 3243 413 3334 quivis
435 3245 566 3312 iuturus
590 3242 754 3310 convictor
777 3241 882 3310 valere
904 3255 1018 3332 pergat
1037 3253 1094 3311 aut
1116 3265 1154 3311 eu
1178 3243 1293 3311 morbo
1319 3264 1372 3312 re-

308 3371 435 3429 creetur
451 3360 564 3429 sedulo
582 3370 707 3427 ctvrent.
734 3383 747 3423 a
771 3358 903 3426 Necnon
922 3360 1100 3450 optandum
1122 3385 1135 3426 v
1159 3371 1195 3429 ut
1216 3360 1371 3428 valetudi-

306 3477 434 3545 narium
449 3474 612 3567 peculiare
626 3475 666 3542 ad
678 3472 893 3565 pestilentiam
905 3497 1145 3568 quamcumque
1159 3476 1369 3546 coercendam

307 3592 525 3662 adhibeatur1
548 3617 576 3661 v.

308 3823 366 3874 sort
379 3817 412 3874 de
423 3835 452 3873 ee
462 3816 572 3890 paradis
583 3817 616 3872 de
626 3815 725 3872 deliees
737 3834 771 3872 ne
781 3823 877 3873 trouve
886 3816 948 3890 plus
959 3816 1044 3891 qu'un
1057 3817 1131 3874 enler
1141 3817 1211 3874 dans
1223 3834 1254 3874 sa
1263 3814 1370 3874 maison

307 3918 426 3974 d'dtude.
440 3939 454 3967 »
471 3917 609 3991 Geoffroy,
623 3918 705 3974 Coars
719 3918 752 3973 de
761 3919 927 3973 litteratore
936 3918 1119 3988 dromvvtique,
1132 3923 1153 3973 t.
1165 3917 1212 3985 Vl,
1225 3933 1252 3989 p.
1264 3920 1326 3973 397.
1336 3947 1371 3956 -

307 4016 439 4090 Prejuges
455 4034 502 4072 sur
516 4015 689 4086 l'education,
707 4021 738 4071 17
754 4017 886 4073 fructidor
901 4035 935 4073 nn
950 4018 1000 4072 Xll
1015 4019 1043 4089 (4
1058 4017 1209 4090 septembre
1225 4019 1314 4087 1804).

344 4118 369 4172 1.
389 4115 470 4172 Areia.
490 4117 556 4188 de.
578 4115 611 4170 D.
629 4118 655 4173 8.
674 4115 766 4171 Lettre
785 4116 819 4172 de
839 4115 956 4172 Roussel
976 4115 1053 4171 dela
1072 4116 1146 4172 Tour
1164 4133 1218 4171 aux
1240 4113 1371 4170 adminis-

307 4219 426 4270 trateurs
441 4214 478 4270 du
494 4213 611 4286 Collega,
629 4219 669 4269 1ΕΓ
682 4215 791 4280 octobre
807 4219 884 4272 7777.
901 4245 935 4258 -
950 4215 1065 4288 Appeod.
1083 4216 1131 4272 lll.
