3096 5088
652 606 793 662 ,39-

192 761 429 852 professoribus
442 761 530 845 solia,
543 771 706 830 annuente
718 762 785 844 illo,
798 761 956 848 assignari
969 781 1063 849 posse
1077 760 1252 845 concludit,

192 880 247 948 sed
268 878 311 947 ita
329 891 364 946 ut
377 878 579 968 Principalis
599 877 729 967 Collegii
747 878 878 969 praesul,
899 905 912 940 r
930 877 1041 968 utique
1059 877 1253 946 convictorio

191 994 345 1084 praesitn.

236 1111 312 1178 llaec
338 1121 445 1180 autem
475 1112 598 1179 monita
630 1132 711 1178 runa
743 1111 865 1178 nodum
900 1110 1154 1178 inextricabilem
1188 1132 1253 1179 non

191 1228 365 1296 solvebant.
387 1227 502 1296 Mirum
528 1238 576 1296 est
594 1228 679 1295 enim
700 1249 798 1318 qnam
821 1227 1023 1317 Principalis
1043 1250 1109 1317 quo
1124 1229 1253 1297 demoto

191 1365 242 1414 res
257 1346 400 1435 prolecto
418 1345 451 1413 in
468 1345 582 1414 melius
599 1345 718 1430 ivisset,
733 1346 896 1430 omnibus,
915 1345 1126 1414 Curatoribus
1144 1347 1252 1414 Parla-

191 1453 377 1551 mentoque‚
403 1484 454 1531 res
483 1484 574 1530 sacra
599 1455 708 1530 luerit.
733 1461 797 1531 Nec
816 1462 1014 1553 sperandum
1038 1473 1108 1529 erat
1126 1463 1194 1530 sore
1218 1475 1252 1531 ut

191 1579 255 1663 ille,
276 1589 399 1648 mutata
416 1579 523 1648 indole
538 1601 753 1670 personaque,
774 1578 921 1668 quamvis
942 1591 1074 1668 paratus
1090 1579 1253 1648 videretur

190 1697 230 1764 ud
264 1696 495 1766 convictorium
526 1718 600 1764 cum
632 1696 796 1764 nonnullis
826 1695 1063 1786 professoribus
1097 1696 1251 1765 adminis-

191 1813 354 1898 trandum,
369 1813 408 1880 ab
425 1813 465 1882 iis
485 1835 550 1882 non
568 1813 714 1904 posthac,
734 1824 771 1882 ut
786 1813 918 1896 solebat,
939 1813 1135 1882 dissentiret.
1157 1814 1252 1882 llune

190 1930 286 1998 etiam
311 1951 502 2000 consensum
530 1930 735 2020 suspicamur
764 1930 854 1997 nullo
883 1929 979 1999 modo
1008 1951 1151 2020 unquam
1181 1929 1251 1999 steri

189 2068 295 2135 posse.
324 2047 435 2137 ltaque
460 2047 691 2116 convictorium
717 2067 813 2116 nemo
840 2046 956 2114 iterum
980 2045 1143 2144 instruxit.
1169 2047 1253 2116 Nam

190 2163 235 2230 Lu
262 2163 414 2232 Ruaouns
437 2163 604 2252 prohibuit
626 2185 666 2232 ne
696 2185 715 2230 a
741 2162 977 2253 professoribus
1003 2175 1059 2230 aut
1087 2163 1171 2231 intra
1196 2175 1251 2231 aut

189 2291 278 2348 extra
294 2278 471 2373 Collegium
489 2280 738 2363 instauraretur,
759 2279 865 2368 iisque
880 2279 1021 2348 minatus
1036 2290 1095 2362 est,
1115 2303 1128 2344 t
1142 2280 1168 2348 si
1180 2301 1256 2368 per·.

189 2406 372 2467 severarent
382 2397 499 2465 orbare
511 2396 751 2486 convictoribus
768 2395 994 2485 Principalem,
1010 2398 1058 2464 vel
1072 2396 1250 2464 nuntiando

189 2512 250 2582 sibi
271 2511 467 2582 instituenda
482 2535 550 2581 esse
570 2513 694 2602 priuata
709 2512 904 2580 consistoria
920 2513 967 2580 rel
986 2512 1135 2603 privatim
1153 2512 1253 2610 disci-¹

188 2629 281 2720 pulos
305 2630 559 2698 extratscbolam
583 2628 741 2712 docendo,
768 2640 907 2718 utroque
928 2629 1138 2698 interdictum
1160 2629 1202 2696 iri
1218 2656 1248 2697 t.

188 2746 279 2826 Quod
298 2746 374 2834 jure
398 2746 438 2814 de
466 2747 664 2818 scholasticis
689 2745 826 2831 alendis
850 2746 905 2814 sed
934 2745 1054 2836 injuria
1075 2747 1114 2814 de
1134 2746 1250 2815 iisdem

188 2864 362 2954 separatim
390 2863 589 2948 erudiendiS,
616 2864 814 2932 declaratum
846 2863 918 2930 luit.
947 2863 1018 2932 Non
1045 2864 1132 2932 enim
1157 2863 1250 2932 facilc

188 2979 385 3068 intellegitur
403 2975 567 3070 quomodo
586 2981 733 3048 ductam
752 2979 921 3048 dissimilia
936 2979 1094 3069 permixta
1113 2978 1189 3048 sint.

232 3096 396 3186 Quidquid
418 3097 450 3164 id
470 3108 529 3181 est,
551 3097 740 3187 Principalis
759 3118 797 3164 ex
814 3096 954 3165 inimicis
974 3096 1141 3164 victoriam
1161 3097 1249 3166 baud

186 3215 343 3282 incertam
376 3215 540 3282 retulerat.
571 3213 703 3282 Frustra
729 3214 830 3300 igitur
858 3216 903 3281 Lu
931 3213 1083 3282 basonus
1108 3225 1249 3282 extrema

188 3331 325 3422 epistula
351 3329 523 3400 Curatores
549 3331 739 3399 hortabatur
767 3342 803 3398 ut
830 3351 942 3422 paoem
968 3330 1054 3398 inter
1075 3341 1249 3422 utramque

186 3458 311 3541 partem
342 3447 374 3514 in
403 3469 574 3516 commune
602 3447 725 3526 bonurn
753 3448 1054 3542 discipulorumque
1078 3447 1249 3515 utilitatem

187 3564 407 3634 conciliarent.
430 3565 509 3633 Nam
530 3564 646 3632 animis
663 3547 859 3634 eracerbatis
877 3586 938 3634 nec
957 3565 1169 3633 lenimentum
1189 3585 1249 3632 nec

187 3681 366 3750 remedium
382 3682 528 3750 adhiberi
545 3693 660 3772 potest.
679 3681 762 3762 Quid
781 3682 978 3772 quodetiam
995 3682 1165 3752 Curatores
1185 3681 1249 3772 ipsi

186 3824 246 3872 nec
265 3801 372 3870 studio
386 3823 446 3870 nec
465 3803 513 3870 ira
533 3801 624 3870 uacui
644 3803 763 3870 crant‘l
