3102 5090
779 583 918 639 ..26-

313 734 502 824 addiditque
526 756 590 803 non
614 736 748 826 illepide·
772 760 787 803 c
817 759 851 806 se
874 747 977 807 castos
999 740 1153 829 praesules
1177 739 1393 810 in'marimo

312 852 435 928 honore
453 851 572 920 habere
588 853 644 942 qui
660 853 786 922 sincera
800 866 918 939 mente,
937 867 1070 944 propter
1088 856 1265 942 caritatem,
1294 859 1393 927 bona

252 1057 254 1063 ι
315 989 466 1036 concessa
495 968 687 1058 receperint,
713 970 769 1038 sed
795 971 880 1039 bono
903 971 1008 1040 alieno
1033 973 1149 1070 cedere
1172 991 1235 1042 non
1255 975 1391 1053 ceden-

315 1084 400 1152 libus
416 1084 643 1174 imputandum
662 1107 730 1154 esse
746 1087 893 1155 caritatil
915 1110 945 1156 r.
987 1137 989 1142 -

276 1251 278 1256 -
360 1212 453 1279 Haud
479 1212 599 1301 injuria
627 1214 819 1282 parlamenti
847 1216 971 1303 legatus
991 1217 1159 1306 'Episcopo
1185 1218 1241 1306 qui
1267 1219 1390 1286 furtim

315 1327 456 1405 tentabat
471 1340 505 1396 ut
518 1351 631 1398 rursus
642 1330 675 1397 in
687 1352 785 1399 manu
798 1330 976 1419 Collegium
986 1355 1045 1423 pro
1058 1355 1117 1402 sua
1127 1345 1218 1424 parte
1231 1335 1386 1420 haberet,

315 1443 422 1512 animo
438 1444 708 1535 firmo'dictisque
721 1448 855 1516 urbanis
869 1449 1112 1518 adversabatur.
1131 1451 1254 1519 Praeses
1269 1463 1387 1520 autem

316 1561 482 1643 Ronanus),
506 1563 555 1629 vir
575 1563 712 1651 egregiae
735 1564 899 1649 virtitutis,
919 1566 975 1655 qui
994 1566 1145 1657 deinceps
1165 1568 1226 1636 hoc
1242 1589 1387 1637 munere

314 1677 444 1747 iunctus
457 1690 515 1763 est,
531 1679 639 1754 minus
655 1681 781 1748 facilem
795 1703 829 1750 se
841 1682 982 1772 praebuit
992 1684 1177 1772 bellumque
1193 1706 1267 1752 cum
1281 1684 1387 1753 Cora-

315 1796 440 1866 toribus
454 1797 498 1864 ita
512 1797 689 1866 commissit
706 1810 753 1882 ut,
772 1799 927 1888 propositi
943 1799 1080 1867 nimium
1102 1811 1195 1869 tenax
1213 1801 1385 1890 ferocique

315 1912 423 1988 animo
445 1912 695 1997 ultramodum,
718 1915 766 1982 vel
790 1921 891 2005 quum
912 1927 997 1983 recte
1020 1915 1187 2003 cogitaret,
1211 1917 1381 2005 abreptuS,

316 2031 497 2100 necessario
513 2031 616 2100 victus
634 2033 685 2100 sil,
740 2092 745 2102 .

360 2149 479 2236 Grandi
499 2167 648 2261 epistula,
663 2154 731 2258 'qua
747 2168 855 2237 omnia
870 2169 1006 2237 crimina
1023 2169 1062 2238 iis
1077 2169 1186 2254 infert,
1205 2169 1382 2238 Curatores

317 2283 414 2352 officii
434 2283 584 2374 jurisque
607 2297 638 2353 et
662 2285 828 2374 potestatis
847 2307 912 2353 non
937 2285 1072 2352 infinitae
1091 2285 1253 2354 admonet.
1281 2285 1381 2372 lllira-

318 2415 369 2470 tur
386 2403 480 2470 enim
491 2403 577 2491 qnod
593 2404 713 2472 litteras
730 2399 795 2470 non
808 2403 968 2490 acceperit
989 2425 1002 2465 n
1023 2401 1062 2469 de
1076 2400 1320 2468 difficultatibus
1336 2402 1386 2468 ad-

230 2560 232 2563 .
316 2515 609 2586 administrandum
642 2515 819 2605 Collegium
846 2513 1061 2586 attinentibus
1091 2539 1122 2600 r,
1155 2539 1227 2606 quae
1260 2517 1381 2605 saepius

316 2632 486 2705 occurrere
500 2633 537 2704 e'x
548 2633 689 2704 'suorum
703 2635 898 2722 collegarum
916 2634 1098 2722 civiumque
1113 2631 1379 2701 Ambianensinm

317 2752 529 2842 querimoniis
549 2774 614 2822 non
634 2753 773 2840 ignorat.
798 2774 812 2816 t
832 2751 980 2833 Creditis,
996 2750 1113 2839 inquit,
1133 2750 1221 2818 vobis
1241 2749 1380 2838 imperio

317 2865 452 2937 summo
466 2870 640 2937 fruendum
666 2891 734 2937 esse
755 2892 763 2952 ;
788 2867 917 2935 decreta
938 2866 1073 2956 ipsaque
1095 2859 1211 2950 edicta,
1236 2879 1271 2933 nt
1287 2867 1377 2951 libel,
1400 2933 1404 2938 .

317 2987 482 3077 explicatis
511 2978 858 3076 interpretaminiqne;
890 2983 1101 3052 Curatoribns
1128 2984 1203 3052 solis
1232 2983 1381 3051 tradatur

316 3097 456 3194 potestas
474 3103 647 3193 Principali
666 3102 798 3192 propria
814 3100 1052 3192 peculiarisque
1067 3101 1181 3169 velitis.
1209 3123 1222 3164 a

362 3237 419 3305 His
450 3215 555 3305 verbis
586 3236 736 3304 morbum
772 3257 837 3325 quo
871 3235 1003 3320 collegia
1035 3235 1074 3302 ab
1111 3233 1379 3332 Universitatibus

317 3352 461 3442 sejuncta
477 3351 720 3420 afflictabantur·
735 3352 820 3419 velut
838 3351 938 3439 digito
959 3362 1127 3418 monstrat.
1145 3349 1176 3419 Si
1195 3350 1326 3447 quidem
1344 3351 1378 3418 in

317 3491 453 3538 numero
474 3469 666 3537 Curatorum
688 3445 878 3566 Principalis
896 3467 1144 3567 inscribebatur,
1167 3465 1379 3535 nihil'revera

316 3565 466 3675 pollebat,
494 3608 594 3675 quom
622 3585 651 3652 ei
676 3583 848 3673 adjunctus
870 3595 953 3652 esset
974 3605 1011 3651 ex
1033 3583 1095 3650 illis
1118 3604 1214 3664 unae,
1237 3603 1377 3671 quocum

318 3703 510 3786 consentire,
530 3702 721 3791 priusquam
742 3711 862 3788 ageret,
886 3701 1016 3768 necesse
1038 3710 1117 3767 erat.
1140 3700 1185 3765 En
1205 3699 1265 3765 hac
1280 3699 1381 3786 igitur

318 3818 449 3909 ancipiti
474 3817 752 3907 administratione
776 3817 854 3906 quid
878 3817 966 3884 aliud
987 3837 1084 3906 quam
1106 3816 1152 3882 vel
1179 3816 1312 3882 occultae
1327 3817 1377 3883 uel

318 3946 436 4024 apertae
456 3933 670 4002 dissensiones
690 3933 770 4002 oriri
790 3935 923 4026 posset‘t
943 3933 983 4001 Ut
999 3953 1063 3999 non
1086 3931 1169 3998 male
1188 3928 1329 4018 Collegio
1345 3931 1378 3997 in

328 4139 329 4142 Ἰ
352 4170 377 4223 1.
391 4167 468 4223 circla.
482 4168 545 4239 Dep.
558 4167 592 4222 D.
604 4169 629 4222 9.
642 4166 746 4225 Liasse.
759 4168 851 4223 Lettre
862 4167 898 4221 du
911 4168 942 4221 ts
952 4163 1062 4234 octobre
1073 4168 1152 4222 1776.
1164 4195 1196 4204 -
1211 4163 1329 4236 Append.
1342 4163 1377 4218 ll.
