3094 5100
787 631 928 690 ..62-

363 773 414 854 'nx
433 781 541 854 inerte
566 770 620 854 no
643 769 791 856 colatum
812 797 919 876 possa
941 767 1092 874 linguam
1109 766 1256 876 ganeam
1274 764 1393 876 dagno

323 904 430 972 studio
451 903 483 971 in
506 889 645 991 Collegio
667 905 786 970 cultam
806 903 916 987 fuisse,
936 904 997 971 nisi
1013 906 1095 972 lorte
1116 906 1218 993 magis
1239 906 1279 973 ad
1298 907 1391 973 audi-

320 1023 407 1087 tores
424 1003 697 1107 praestringendos
711 1039 808 1106 quam
827 1018 867 1086 ad
883 1039 978 1086 usum
997 1017 1222 1108 quotidianum
1239 1019 1391 1108 discipuli

323 1156 393 1203 earn
411 1134 555 1203 meditati
572 1134 647 1202 sint.
666 1134 723 1201 Vir
744 1135 830 1203 enim
845 1135 1042 1204 credendum
1061 1147 1109 1204 est
1128 1135 1162 1202 in
1182 1135 1299 1204 sobolis
1319 1136 1392 1203 lati·

322 1250 398 1319 riam
415 1249 559 1340 linguam
580 1251 650 1332 loco
672 1264 800 1320 assueto
821 1246 885 1319 tam
910 1246 1045 1321 comiter
1067 1253 1199 1322 cessisse
1222 1264 1257 1320 ut
1277 1253 1392 1340 gallica

319 1377 429 1457 'partes
453 1367 588 1457 primas,
613 1367 699 1436 velut
723 1368 756 1435 in
778 1369 838 1436 bac
862 1369 1101 1454 exercitatione,
1123 1361 1243 1458 egeret.
1266 1369 1391 1437 Nihilo-

322 1484 430 1553 minus
446 1485 625 1553 notandum
641 1496 689 1553 est
703 1505 834 1553 carmen
852 1479 962 1554 nostro
975 1505 1123 1555 sermone
1139 1499 1307 1555 exaratum
1321 1507 1392 1555 esse

321 1623 341 1668 a
367 1602 577 1683 scholasticis,
608 1613 801 1691 nostrosque
827 1603 1000 1693 scriptores
1024 1624 1041 1670 e
1066 1603 1213 1672 maximis
1242 1604 1387 1687 selectos,

322 1716 457 1800 Recine,
474 1716 520 1784 La
532 1715 886 1800 Fonratnn,Voern11m
900 1717 1007 1806 ipsum
1022 1718 1129 1785 adhuc
1141 1711 1389 1807 vivum'publice

322 1833 356 1900 in
368 1833 491 1902 honore
504 1833 625 1902 luisse:
643 1844 797 1923 putamus
814 1833 901 1902 euim
918 1834 978 1901 bac
991 1834 1205 1924 appellatione
1222 1826 1390 1902 «Electrae

321 1949 463 2018 auctoris
487 1950 635 2040 praeclari
667 1973 680 2016 t
709 1971 775 2019 non
798 1950 962 2039 designari
987 1949 1171 2019 Gadamarta
1191 1950 1386 2041 jampridem

321 2077 488 2135 mortuum
501 2065 634 2157 fereque
650 2069 821 2136 exoletum.

364 2200 424 2269 Sed
445 2191 479 2268 in
499 2200 649 2290 plurimis
669 2201 824 2290 collegiis,
843 2199 1039 2271 Jesuitarum
1062 2202 1176 2286 instar,
1200 2202 1386 2272 exercitatio

321 2317 464 2408 publica,
477 2317 621 2408 primum
634 2339 744 2386 severa
757 2318 923 2408 utilisque,
936 2319 969 2387 in
983 2341 1105 2388 meram
1120 2320 1385 2405 venditationem,

322 2456 363 2503 ne
396 2436 502 2502 dicam
531 2436 777 2518 scurrilitatem,
805 2437 962 2526 paulatim
994 2437 1144 2506 desierat.
1172 2437 1388 2505 ambianense

322 2550 499 2638 Collegium
517 2573 618 2641 quum
633 2549 765 2621 lesuitae
784 2564 944 2641 regerent,
962 2575 1027 2622 non
1042 2554 1146 2622 solum
1166 2581 1180 2616 a
1198 2553 1233 2620 ln
1250 2552 1388 2642 publicis

320 2667 491 2735 affixarum
505 2668 778 2758 disputationibus
797 2670 949 2768 authores
969 2691 1092 2758 graecos
1106 2683 1137 2738 et
1151 2667 1268 2737 latinos
1286 2669 1387 2758 expli-

322 2784 437 2851 cabant
452 2784 560 2853 selecti
575 2786 767 2854 humanistee
786 2811 816 2871 r,
835 2797 892 2854 aut
909 2809 925 2852 a
943 2786 1020 2854 Uter
1034 2786 1163 2854 videndi
1178 2808 1218 2854 an
1234 2765 1388 2854 audiendi
1416 2778 1420 2786 ’

273 2984 276 2988 ,
319 2922 432 2969 sensus
454 2901 494 2969 ad
519 2903 737 2991 eloquentiam
761 2902 864 2990 magis
887 2904 1030 2971 conferat
1057 2928 1071 2968 r
1099 2903 1311 2987 disserebant,
1332 2913 1389 2970 aut

320 3017 416 3114 etiam
445 3040 557 3087 causas
587 3019 784 3088 umbraticas
810 3019 949 3107 gallicel
977 3020 1115 3106 agebant
1145 3019 1301 3106 rhetores,
1331 3019 1387 3098 sed

320 3135 416 3234 etiam
429 3135 600 3224 aenigmata
613 3135 922 3226 interpretabantur,
936 3148 966 3204 et
979 3158 1044 3205 uno
1057 3136 1111 3204 die
1120 3137 1234 3227 plures
1247 3136 1385 3220 fabulas

319 3251 351 3318 id
379 3264 438 3336 est,
467 3253 639 3321 canticum
656 3254 873 3339 saltatorium,
900 3253 953 3322 cui
980 3254 1208 3322 inserebantur
1235 3253 1386 3336 embolia,

318 3368 431 3437 drama
444 3370 624 3455 heroicum,
642 3371 756 3439 drama
772 3371 945 3455 comicum,
965 3371 1139 3456 comoedia,
1156 3367 1253 3460 atque
1267 3380 1388 3458 tragoe-

356 3597 380 3649 l.
396 3617 410 3645 «
427 3593 516 3650 Causa
525 3592 571 3667 qui
583 3611 643 3650 sera
654 3593 757 3668 plaide'e
767 3610 816 3667 par
826 3591 865 3649 les
876 3591 1055 3649 rhetoriciens
1067 3593 1105 3647 du
1119 3591 1227 3666 Collega
1235 3591 1386 3661 d'Amiens‚

320 3688 360 3738 ler
380 3683 532 3757 septembre
552 3689 633 3753 1728,
651 3684 751 3757 Sujel:
775 3682 935 3756 Ctesiphon,
951 3683 1061 3756 citoyen
1076 3683 1110 3738 de
1125 3681 1289 3751 Paris‚'mit,
1305 3681 1324 3736 il
1337 3699 1357 3755 y
1371 3700 1388 3737 a

320 3774 418 3845 quinae
428 3792 490 3845 ans,
500 3775 527 3830 la
536 3791 638 3830 somme
651 3775 685 3830 de
699 3780 761 3831 cent
770 3773 841 3830 mille
851 3777 915 3830 ecus
928 3780 1005 3829 entre
1014 3773 1054 3828 les
1065 3771 1153 3842 mains
1163 3773 1196 3828 de
1207 3771 1386 3844 Dorophilax,

319 3880 370 3918 son
390 3863 455 3933 ami,
474 3881 543 3936 pour
557 3868 619 3934 ¹dire
638 3881 676 3918 un
693 3864 757 3936 jour
774 3866 903 3937 parlagee
922 3869 1000 3919 entre
1020 3875 1070 3918 ses'
1084 3868 1180 3936 quatre
1199 3861 1388 3934 peliis-fils,b

319 3950 411 4007 raison
422 3953 456 4007 de
469 3951 634 4008 l'dducation
645 3951 706 4025 plus
717 3970 752 4008 ou
764 3951 852 4008 moins
868 3958 1056 4024 avantageuse
1071 3950 1152 4024 qu'ils
1167 3950 1293 4007 auraienl
1306 3967 1388 4018 recue

319 4041 352 4096 de
366 4041 439 4098 leurs
455 4046 532 4115 peres
548 4060 583 4098 ou
598 4043 631 4098 de
645 4040 718 4098 le'urs
736 4046 833 4101 meres.
851 4040 1008 4106 Plaideront
1027 4059 1096 4115 pour
1114 4041 1278 4098 l'e'duealion
1297 4039 1389 4114 parti-

318 4130 463 4200 culiere‚...
474 4149 544 4204 pour
557 4131 721 4188 l'education
736 4131 913 4205 publique‚...
924 4149 994 4205 pour
1007 4129 1171 4188 l'dducalion
1182 4132 1215 4188 de
1229 4131 1255 4187 le
1266 4131 1387 4201 Coun...

318 4237 388 4293 pour
403 4220 566 4276 l‘edueation
582 4222 632 4277 des
646 4237 802 4296 repages...
820 4240 834 4273 t>
937 4243 939 4250 ’
1319 4241 1323 4248 ’
1342 4234 1344 4240 ’
