3094 5100
669 633 808 688 ‚85-

208 788 384 877 publicam,
419 787 445 854 si
477 787 555 876 quid
585 787 786 853 immutanda
816 797 910 868 esset,
944 806 1009 852 non
1034 787 1102 853 sine
1130 786 1274 874 periculo

210 903 371 991 magistris
393 902 550 992 imperitis
571 903 725 970 traditam
747 903 798 968 iri.
825 903 948 991 ltaque,
970 915 1139 990 postquam
1161 902 1221 969 ista
1241 903 1272 968 in

209 1020 396 1089 conlrsrsione
415 1019 603 1108 aliquandiu
623 1030 745 1086 versata
765 1030 824 1101 cst,
848 1018 1021 1086 Cotrocnlio
1039 1019 1072 1084 in
1089 1019 1187 1086 rieem
1209 1021 1273 1090 col-

207 1137 365 1224 legiorum
394 1136 440 1203 rel
466 1136 661 1224 torpentium
686 1136 733 1202 rel
757 1134 949 1203 abolitorum
972 1135 1097 1203 scholas
1119 1135 1274 1204 cerrtrules

208 1253 403 1320 substituere
422 1252 564 1320 tentarit.
775 1327 777 1332 ¹
1212 1249 1215 1254 ’

252 1369 427 1457 Collegium
443 1391 516 1437 vero
530 1369 758 1451 Ambianense,
777 1367 861 1436 sicut
874 1381 990 1452 cetera,
1008 1370 1145 1437 fortunae
1163 1391 1270 1437 rerum

207 1486 393 1569 obnoxium,
421 1508 532 1555 omnes
559 1508 652 1554 casus
684 1487 767 1569 tulit,
792 1508 904 1555 omnes
928 1486 1136 1578 estlamitates·
1152 1487 1269 1554 ltansit.

206 1603 309 1692 Semel
326 1603 508 1693 iterumque
524 1626 542 1671 a
556 1603 780 1686 Curatoribus‚
797 1605 843 1672 vel
857 1603 975 1686 invitis,
992 1603 1130 1692 pecunia
1143 1616 1271 1698 sumpta

207 1731 252 1786 est
282 1743 295 1784 r
326 1721 366 1786 ad
397 1719 558 1810 impensas
584 1719 788 1787 officinarum
821 1719 1019 1809 pauperibus
1049 1705 1271 1788 institutarum

205 1821 445 1903 sirblevandos¹
476 1860 503 1904 a.
538 1835 706 1903 Decembri
743 1857 852 1902 mense
885 1834 1127 1904 llllCClelXX
1161 1835 1208 1902 illi
1238 1857 1271 1904 se

206 1973 340 2020 munere
353 1939 594 2020 abdicaverunt.
608 1951 713 2030 Quum
728 1964 835 2020 autem
845 1951 999 2020 ianuario
1014 1951 1270 2020 llDCClllllXXl

205 2068 413 2156 professores,
430 2067 533 2136 trihus
544 2068 696 2156 exeeptis,
708 2067 938 2158 jusjurandum
952 2068 1131 2158 legitimum
1146 2069 1270 2138 detrec-

205 2185 367 2266 tarissent,
394 2185 433 2252 iis
458 2197 694 2268 successerunt,
717 2197 789 2275 post
808 2186 935 2272 longam
956 2185 1271 2253 moramdilsrculta-

205 2312 346 2390 temque,
363 2302 540 2392 presbyteri
554 2313 585 2368 et
597 2302 681 2368 laici.
700 2302 833 2384 Deinde,
851 2312 966 2390 quarto
981 2313 1010 2368 et
1028 2300 1179 2370 vicesimo
1197 2301 1270 2368 llaii

205 2417 296 2484 diea
325 2417 464 2485 Consilio
489 2416 677 2485 Communis
700 2418 830 2508 publico
857 2417 929 2500 novi
957 2417 1128 2486 Curatores
1152 2418 1269 2485 'delecti

204 2546 289 2614 sunt,
305 2534 369 2601 diro
385 2534 588 2621 magistratus
602 2535 829 2630 municipales,
841 2535 906 2604 diro
919 2536 1100 2624 optimates,
1116 2546 1271 2624 quattuor

204 2651 298 2733 circs,
310 2673 347 2718 er
360 2651 479 2740 quihus
493 2651 671 2741 Episcopus
683 2652 951 2744 Principalisquo,
963 2652 1016 2740 qai
1032 2651 1138 2718 cuncti
1150 2649 1269 2718 l'rustra

203 2777 397 2852 rogaverunt
416 2777 451 2832 ut
467 2765 598 2854 Collegii
618 2766 763 2855 sumptui
780 2779 979 2856 parceretur.
1003 2769 1095 2834 rinno
1115 2777 1269 2855 sequente

202 2884 235 2954 io
266 2911 280 2944 α
310 2883 448 2951 Recessu
471 2910 484 2942 r
511 2883 628 2950 einum
653 2896 850 2951 armatorum
876 2884 941 2966 duo
966 2884 1119 2952 centuriae
1144 2884 1269 2950 liabita-

202 3011 327 3082 rerunt,
358 3011 390 3066 et
413 3021 497 3066 anno
524 2999 810 3067 llllCCLXXXlllll
837 3000 1009 3068 Curatores
1035 3000 1088 3066 alii
1109 2999 1267 3086 designati

201 3127 277 3184 sunt
292 3116 348 3205 qui
367 3127 482 3204 quarto
498 3115 681 3184 Decembris
700 3117 751 3183 die
769 3117 911 3206 primum
933 3117 1201 3184 deliberarerunt..
1221 3117 1268 3184 nd

201 3244 379 3300 extrennun
401 3253 485 3300 anno
507 3232 790 3299 ttouuuxlxxtt
815 3233 846 3298 in
866 3233 1011 3299 aediliciis
1030 3232 1173 3318 Collegii,
1197 3254 1266 3298 car-

201 3350 282 3417 ceris
304 3351 385 3429 loco,
408 3348 523 3416 ioetnsi
543 3361 618 3415 sunt
637 3350 720 3416 circs
742 3349 913 3416 nonnulli²
932 3348 988 3438 qni
1010 3360 1196 3437 tempestate
1215 3348 1266 3415 illa

199 3465 350 3555 populari
372 3465 575 3533 lrabcltantur
592 3465 745 3555 suspecti.

199 3661 267 3716 dnus
288 3662 312 3715 lo
330 3661 392 3715 uillc
408 3661 555 3728 d'slmicns,
573 3665 594 3715 t.
612 3661 646 3728 ll,
665 3675 692 3730 p.
711 3662 752 3713 15.
771 3657 898 3713 Mdmoire
917 3659 1011 3712 dresse'
1026 3675 1058 3711 en
1075 3655 1217 3712 execution
1234 3658 1267 3712 de

197 3746 305 3802 l'orrdto'
321 3747 357 3801 du
374 3747 482 3802 Conseil
496 3747 643 3819 municipnl
658 3747 695 3800 du
711 3749 743 3800 25
759 3745 856 3800 le'vrier
873 3751 951 3801 1790.

198 3873 201 3908 2
236 3851 260 3901 t.
283 3847 322 3900 De
342 3847 393 3900 hoo
412 3846 563 3918 ceterisque
580 3845 641 3900 vide
657 3847 818 3900 Documeots
829 3862 900 3916 pour
913 3846 1046 3909 servir...,
1062 3849 1081 3899 t.
1102 3845 1136 3914 ll,
1155 3845 1203 3912 ΙΙΙ,
1219 3845 1264 3899 lV.

200 3935 241 3990 Cl.
257 3936 357 4007 Dorsy,
375 3952 417 4006 op.
434 3937 492 4003 cit,
509 3952 535 4006 p.
552 3937 683 3990 :toa-314.

235 4038 260 4088 2.
278 4033 392 4103 illficlres
407 4033 439 4085 dc
454 4033 589 4095 l’icurdic,
601 4037 634 4087 20
650 4029 782 4102 germinal
795 4048 829 4084 on
845 4033 869 4086 ΙΙ
884 4035 909 4100 19
925 4030 991 4086 avril
1004 4033 1092 4100 ttot).
1105 4030 1146 4085 Cl.
1165 4031 1264 4104 llarsp,

200 4123 237 4175 les
251 4121 395 4174 Doldnnres
409 4120 445 4173 ilo
458 4123 555 4191 pcnple
570 4125 595 4175 et
612 4123 647 4175 les
663 4121 794 4187 oictimcs,
811 4120 956 4176 Soarcnirs
971 4122 1003 4174 dc
1018 4122 1044 4174 ln
1061 4122 1219 4175 lldrulution
1232 4139 1265 4176 cn

198 4210 325 4265 Picnrdr'o
342 4208 477 4282 (passim),
493 4209 615 4279 Amicus,
633 4213 710 4265 1887.
743 4255 746 4262 ,
